2574 5054
200 722 263 791 1⁰2
543 724 626 788 SAT.
642 727 665 799 l,
686 731 727 791 87
742 762 786 772 -
800 730 852 791 92.

199 909 359 978 corruptam
374 897 518 959 mollitiem
532 917 689 978 apparere,
703 916 786 982 ςιιιιιι
802 898 915 978 siquis,
930 898 976 978 qui
991 896 1102 958 llcmuli
1116 917 1220 958 nornen

198 1003 269 1064 prae
285 1003 318 1044 se
333 983 418 1056 forat,
433 985 530 1043 infami
544 983 726 1044 cinaedornm
745 985 814 1043 vitio
828 985 998 1063 inquinetur.
1027 983 1130 1064 Neque
1146 984 1220 1044 enim

199 1071 225 1131 is
240 1071 359 1129 animum
374 1067 510 1130 auditoris
524 1089 595 1130 vere
610 1080 783 1141 commovet,
797 1070 844 1149 qui
859 1079 948 1128 artem
964 1066 1080 1130 adhibet
1093 1070 1220 1149 ιιιιιιιιιίι

200 1153 361 1226 delicatam,
377 1153 429 1215 sed
444 1156 491 1236 qui
505 1154 544 1227 id,
559 1154 633 1235 quod
647 1174 717 1216 vere
733 1157 830 1224 scutit,
839 1154 957 1234 simplici
971 1156 1093 1216 verimta
1108 1155 1220 1235 cloqui-

199 1251 255 1300 tur.
277 1240 358 1314 Quod
372 1241 428 1299 alio
442 1240 572 1320 cxemplo
588 1240 795 1320 comprobator.
810 1238 952 1318 Naufragi
966 1242 1050 1310 enim,
1065 1241 1113 1320 qui
1127 1241 1220 1299 omnia

200 1345 252 1386 sua
267 1322 460 1404 perdiderant,
475 1339 507 1384 ut
521 1325 743 1386 miscricordiam
759 1326 1126 1397 bominumcommoverent,
1141 1343 1220 1385 men·

200 1409 328 1471 dicantes
351 1411 473 1470 tabulam
497 1431 594 1472 secum
616 1411 766 1484 ferebant,
794 1412 823 1471 in
850 1430 906 1491 qna
928 1421 1083 1490 tempestas
1107 1409 1220 1490 depicta

201 1507 281 1567 crat,
296 1496 335 1555 cf.
350 1496 400 1566 Vl,
417 1500 458 1560 32
480 1517 523 1577 sq.
540 1497 609 1558 llnr.
625 1495 663 1556 A.
679 1496 710 1557 Ρ.
726 1501 768 1560 20
790 1516 833 1577 sq.
849 1494 971 1557 Phaedr.
985 1496 1035 1568 Ν,
1050 1500 1103 1568 21,
1118 1500 1161 1559 24
1176 1515 1218 1576 sq.

199 1583 259 1643 luv.
275 1581 343 1641 XIV
344 1625 353 1653 ,
368 1586 440 1645 301.
478 1583 546 1642 Cum
569 1603 606 1642 cx
622 1582 744 1642 Martial.
765 1581 829 1653 XII,
852 1586 977 1654 57,12ι
1019 1583 1085 1643 Nec
1099 1584 1220 1658 (oessm)

192 1665 328 1746 sauciato
343 1666 513 1747 naufragus
527 1669 637 1747 loquoc
652 1678 757 1729 monce
772 1678 926 1746 appareat,
948 1666 1086 1728 interdum
1102 1667 1220 1727 naufra-

201 1772 255 1832 gos
270 1754 349 1812 navis
371 1753 513 1832 fragmina
535 1754 668 1813 obvoluta
691 1754 790 1812 fasciis
813 1751 899 1833 (quod
921 1763 986 1814 crat
1006 1753 1219 1832 supplicantium

199 1838 321 1918 signnm)
351 1856 447 1898 secum
475 1839 593 1910 tulisse,
623 1839 747 1899 fortasse
762 1838 870 1918 fracto
890 1840 920 1898 in
943 1839 1028 1898 trade
1045 1840 1158 1918 pictum
1180 1839 1219 1897 ita

200 1921 395 2002 explicandum
411 1934 465 1995 est,
484 1934 515 1983 ut
530 1925 575 1984 hic
590 1924 674 1984 horno
688 1926 716 1983 in
732 1926 810 1984 navis
826 1922 975 1985 demersae
998 1935 1098 1984 trunco
1113 1925 1216 2004 pictum

200 2027 233 2069 se
248 2009 417 2069 exhibuerit.
449 2010 527 2069 'lulis
541 2011 644 2089 igitur,
667 2012 691 2070 si
714 2020 834 2081 cuntot,
851 2009 914 2069 dum
930 2029 1023 2070 assem
1039 2011 1146 2090 poscit,
1162 2028 1217 2068 non

200 2114 246 2155 me
261 2095 384 2154 movebit
398 2106 428 2154 nt
442 2097 594 2175 porrigam.
625 2095 705 2155 Mcu'
721 2107 835 2156 moveat
855 2098 893 2156 cf.
909 2096 977 2155 llor.
995 2095 1055 2155 Sat.
1071 2095 1094 2166 l,
1112 2099 1162 2166 10,
1177 2098 1217 2157 78

199 2180 239 2241 ib.
255 2179 347 2240 Bentl.
367 2183 480 2260 Quippe
494 2183 642 2254 ironicum,
657 2181 794 2242 cf.Plant.
810 2180 1128 2261 Epid.V,1,12.Vir-g.
1141 2178 1216 2240 Aen.

201 2267 225 2337 1,
242 2269 293 2330 39.
317 2266 377 2326 Cic.
393 2287 421 2345 p.
436 2267 495 2327 llil.
515 2272 564 2339 12,
579 2272 631 2331 23.
653 2269 704 2327 Es·
717 2269 837 2327 humero
850 2279 988 2347 portare,
1003 2278 1034 2327 ut
1047 2266 1129 2347 Virg.
1144 2264 1217 2326 Aen.

201 2350 253 2423 Vl,
283 2356 363 2415 301:
392 2352 437 2411 Ex
465 2354 588 2413 humeris
616 2351 759 2432 dependet
786 2355 920 2425 amictus,
936 2355 974 2412 cf.
990 2351 1079 2414 llaud.
1096 2352 1180 2412 Ture.
1196 2351 1219 2410 ll

199 2457 227 2517 p·
244 2440 305 2499 619
329 2457 371 2517 sq.
405 2441 535 2498 Crantore
556 2439 685 2498 similiter
706 2440 826 2518 positum
849 2449 896 2498 est
915 2441 1000 2497 ctiam
1022 2437 1095 2517 apud
1117 2438 1215 2497 lunen.

200 2522 251 2594 tv,
267 2525 308 2584 34
325 2542 389 2602 eq.:
411 2522 475 2582 Non
491 2535 537 2585 est
556 2522 733 2596 cantandum,
748 2543 795 2584 res
812 2542 881 2585 vera
895 2526 1005 2603 agitnr3
1028 2525 1067 2583 cf.
1081 2523 1121 2594 X,
1139 2525 1218 2591 1783

201 2605 276 2687 quod
291 2628 346 2666 non
361 2610 401 2666 ita
417 2607 627 2688 intelligendum
646 2621 709 2682 est,
724 2610 804 2690 qnasi
818 2611 860 2680 is,
875 2613 921 2690 qui
937 2619 1042 2681 cantat,
1059 2610 1219 2669 mentiatur.

136 2744 143 2758 ,
201 2692 309 2752 Verum
325 2694 371 2773 qui
387 2704 492 2766 cantat,
507 2715 562 2753 non
579 2695 744 2774 simpliciter
759 2715 855 2754 verum
872 2696 1027 2774 eloquitur,
1044 2698 1109 2774 quia
1123 2712 1219 2754 veru·

202 2787 259 2849 est,
274 2776 325 2837 sed
341 2779 494 2839 artificiose
517 2791 644 2840 ornatum
665 2782 793 2859 profert,
817 2790 901 2860 atque
916 2782 944 2838 in
960 2781 1013 2838 hoc
1029 2791 1131 2839 ornatu
1146 2799 1221 2839 sum·

202 2881 278 2923 mum
293 2864 382 2942 pouit.
413 2863 500 2944 ldqnc
523 2866 611 2944 ipsum
634 2868 776 2945 vituperat
797 2865 913 2925 Persius
936 2876 966 2925 et
979 2863 1072 2924 addit:
1112 2866 1221 2924 Verum

200 2967 255 3009 acc
268 2960 352 3008 nocto
361 2962 503 3028 puratum
514 2952 667 3029 plorabit,
683 2954 738 3031 qui
747 2971 791 3010 me
808 2953 886 3010 volet
900 2952 1071 3010 abcurcosse
1087 2950 1217 3030 querele.

200 3033 254 3107 Qui
277 3035 394 3095 efficere
416 3036 490 3108 vult,
511 3047 541 3095 nt
562 3038 707 3096 infortunii
736 3038 779 3095 sui
800 3036 872 3095 alios
894 3039 1026 3108 miserat,
1055 3037 1080 3095 is
1103 3054 1218 3095 sensum

199 3138 279 3179 suum
301 3139 371 3180 vere
394 3119 613 3193 demonstrabit,
635 3142 726 3201 neque
747 3142 818 3181 vcro
841 3133 931 3181 artem
952 3141 1029 3180 suam
1053 3120 1217 3181 ostentabit.

200 3204 245 3263 Cf.
262 3203 355 3277 Quint.
370 3204 421 3277 Vl,
437 3210 467 3279 3,
483 3210 534 3269 26.
552 3206 619 3265 Ηοι.
634 3204 671 3265 Α.
688 3206 719 3266 Ρ.
738 3211 794 3269 101
814 3226 858 3287 sq.
891 3210 1000 3266 Verum
1011 3207 1137 3285 plorare
1152 3215 1218 3264 nota

200 3299 358 3361 structura,
380 3293 464 3350 ctiam
487 3290 587 3351 Persio
604 3293 722 3363 usitata,
744 3293 783 3353 cf.
807 3293 830 3363 l,
848 3291 1057 3363 132.111,44;
1083 3295 1153 3354 110.
1169 3289 1219 3360 Ν,

200 3378 241 3437 34
257 3394 301 3454 sq.
318 3375 355 3446 V,
370 3380 427 3448 253
447 3380 516 3439 190.
538 3378 788 3455 Nocteporctum,
805 3379 868 3457 quia
884 3380 1030 3438 nocturnis
1046 3379 1219 3455 potissimum

199 3457 439 3520 lucubrationibus
461 3481 556 3521 curam
580 3472 610 3521 et
624 3461 743 3521 studium
759 3463 892 3539 operibns
915 3465 974 3521 suis
988 3460 1160 3522 adhibebant
1174 3480 1221 3520 ar·

198 3543 300 3616 tidccs,
316 3543 389 3604 unde
406 3547 533 3622 uigilata
538 3548 656 3625 proclia
668 3546 738 3620 (luv.
755 3546 816 3618 Vll,
833 3553 885 3620 27)
903 3558 933 3607 ct
947 3548 1064 3618 sinitia;
1081 3548 1119 3606 cf.
1137 3545 1220 3605 Wei-

199 3628 283 3689 chert
297 3640 387 3707 poctt.
403 3631 463 3690 latt.
480 3632 543 3691 rell.
559 3653 587 3711 p.
606 3636 676 3695 195.
699 3635 887 3703 Inconcussa,
905 3654 931 3691 v.
947 3630 983 3691 ad
998 3654 1025 3692 r.
1040 3635 1093 3694 42.
1114 3634 1220 3691 lucur-

199 3716 269 3773 ocri
282 3714 317 3773 de
336 3725 431 3775 ruente
448 3718 575 3794 graviter
590 3729 727 3776 commota
739 3718 825 3777 hahet
840 3721 923 3777 etiam
934 3717 1045 3777 Seneca
1056 3724 1114 3796 (ep.
1124 3714 1220 3775 Lxxt

198 3818 226 3877 p.
234 3803 297 3861 240
314 3798 437 3874 Scbw.):
465 3800 750 3862 Succidorementcm
767 3816 797 3863 et
811 3805 966 3862 incurvari
977 3813 1008 3863 ct
1022 3801 1217 3861 succumbere.

283 3905 310 3942 v.
326 3887 484 3948 92-106.
513 3888 659 3947 Numeros
673 3899 704 3948 et
725 3890 891 3948 r'oucturam
912 3889 968 3947 iam
989 3907 1075 3967 supra
1097 3884 1221 3946 laudarit

199 3969 234 4039 is,
250 3989 369 4049 quocum
386 3990 418 4030 se
434 3972 639 4052 colloquentem
656 3974 725 4032 facit
740 3972 856 4032 Persius
874 3981 911 4045 (v.
929 3977 970 4035 64
983 3980 1049 4053 sq).
1063 3975 1220 4041 donatura,

200 4064 232 4111 ut
246 4057 284 4113 ait
300 4054 484 4127 Quintilianus
502 4057 563 4130 (lX,
579 4062 609 4128 4,
625 4061 667 4119 32
683 4065 756 4138 sqq.)
773 4062 859 4118 estin
877 4058 988 4130 verbis,
1004 4060 1119 4130 incisis,
1135 4076 1222 4116 mem·

199 4137 276 4210 bris,
298 4137 440 4217 periodis,
463 4153 492 4201 et
512 4140 560 4202 ubi
587 4146 728 4215 accessit,
757 4146 887 4203 nomcrr's
908 4141 999 4202 adhuc
1023 4145 1124 4203 ονιιιὶίι
1144 4142 1222 4202 addit

201 4222 333 4281 decorem
350 4233 392 4297 (ut
407 4224 520 4298 Quintil.
548 4228 599 4297 ΙΧ,
621 4232 652 4299 4,
670 4233 730 4290 145
745 4230 958 4308 compositionis
980 4227 1113 4289 docorem
1129 4227 1221 4298 dicit).

198 4308 325 4367 Numeri
345 4308 517 4371 Graecorum
532 4334 559 4370 v.
574 4308 694 4392 ῥυθμός
708 4313 881 4393 respondent
897 4315 970 4386 (Cic.
986 4326 1060 4373 orat.
1080 4320 1131 4385 51,
1149 4316 1220 4376 170.

197 4393 291 4465 Quint.
301 4395 351 4468 lX,
359 4400 390 4468 4,
399 4401 452 4468 45)
463 4417 548 4476 ,quos
560 4399 765 4471 crodosvocat,
774 4402 838 4479 quia
853 4399 972 4459 nondum
981 4401 1218 4459 artificiosacom·
