2574 5054
479 784 563 847 stt.
578 787 599 857 Ι,
616 790 657 851 65
672 821 714 832 -
729 787 780 849 66.
1093 782 1136 850 bil

118 960 182 1021 287
197 963 254 1038 sq.)
270 956 315 1018 sel
330 956 432 1037 argilla
446 957 507 1018 eise
528 957 643 1018 maioris
665 957 761 1037 operis
781 966 922 1035 protypen
938 957 998 1016 eive
1014 957 1135 1036 sigillam

118 1042 273 1123 fingebant,
287 1045 406 1122 primum
420 1043 611 1103 instrumentis
627 1040 791 1123 quibusdam
806 1042 1056 1124 (Modells'retdbe)
1071 1053 1135 1107 nte·

117 1129 230 1200 bantur,
252 1147 350 1189 rernm
372 1148 435 1188 cum
456 1129 511 1188 iem
539 1147 631 1208 poene
653 1128 812 1207 perfeetum
833 1138 914 1187 esset
934 1146 1016 1207 epus,
1037 1126 1134 1208 digitis

118 1214 302 1274 subtilissima
323 1232 453 1295 quaeque
476 1211 649 1274 elaboranda
669 1223 763 1273 erant.
822 1211 867 1272 lle
901 1224 982 1273 certe
1011 1215 1137 1293 pertinet

119 1298 195 1382 qnod
208 1297 279 1358 dixit
298 1298 463 1379 Polycletus
486 1297 572 1378 (apud
592 1298 667 1359 Plut.
690 1297 788 1379 Symp.
811 1297 865 1371 Qu.
880 1296 905 1357 ll
919 1318 947 1377 p.
971 1302 1034 1362 686
1049 1298 1085 1358 Β.
1101 1299 1135 1359 (2.

118 1385 156 1446 de
171 1384 246 1464 prol.
260 1387 326 1444 virt.
342 1405 370 1464 p.
385 1388 427 1448 86
449 1383 510 1458 Α),
529 1379 736 1465 χαλεπώτατον
752 1377 831 1443 εἶναι
847 1377 882 1444 τὸ
898 1377 1000 1464 ἔργον,
1018 1378 1091 1446 ὅταν
1103 1381 1136 1444 ds

119 1465 203 1549 ὄνυχι
223 1464 347 1544 inette
359 1466 488 1548 γένηται.
530 1467 599 1530 lude
624 1469 709 1529 facile
731 1479 827 1548 potest
840 1469 975 1548 perspici,
995 1466 1136 1550 οιιοοιοοο

118 1574 165 1626 es,
187 1554 288 1635 quibus
310 1574 416 1615 summa
435 1555 576 1633 perfectio
600 1552 750 1614 tribuenda
771 1551 935 1627 videbatur,
957 1552 994 1614 ad
1012 1573 1135 1634 ungne-

108 1639 200 1719 fiesu‘,
215 1640 262 1700 vel
276 1639 351 1720 qnod
365 1639 461 1700 verbis
482 1641 574 1719 magis
595 1638 630 1700 ad
645 1639 792 1700 artificium
813 1650 926 1720 spectat
946 1641 1018 1700 duci
1030 1640 1082 1715 (ci.
1096 1639 1135 1712 V,

118 1728 171 1788 40.
185 1724 245 1785 lov.
262 1725 281 1784 Ι.
296 1727 328 1799 Ι.)
344 1723 482 1785 dicentur.
518 1725 690 1806 Quamquam
705 1744 793 1804 saepe
808 1723 908 1784 dnbine
924 1725 1056 1797 haereas,
1071 1735 1136 1785 utro

118 1809 187 1871 talis
201 1810 354 1872 referenda
369 1811 435 1883 sint,
450 1812 619 1890 praesertim
634 1831 697 1870 cnm
709 1830 745 1871 ne
761 1813 837 1891 ipsos
852 1807 963 1891 quidem
978 1813 1136 1890 scriptores

117 1896 173 1955 boe
195 1914 309 1976 semper
330 1897 527 1956 innumerata
548 1896 682 1956 babuisse
708 1895 865 1956 videantur.
907 1892 973 1954 Alia
994 1895 1136 1977 example,

118 1980 231 2041 Graeca
247 1982 431 2061 potissimum,
452 2001 481 2042 v.
503 1979 579 2062 apud
601 1979 768 2041 Schneider.
791 1981 849 2041 lex.
870 2000 915 2058 pr.
931 1980 1083 2062 Wyttenb.
1098 1979 1137 2041 sd

119 2064 193 2126 Plut.
208 2065 244 2126 de
259 2067 334 2148 prol.
355 2069 422 2127 virt.
444 2087 473 2146 p.
488 2070 530 2130 86
544 2066 581 2126 Α.
602 2067 693 2147 intpp.
709 2066 815 2146 Pbryn.
838 2086 866 2146 p.
881 2071 943 2131 289
959 2085 1003 2148 eq.
1047 2065 1084 2128 Ut
1097 2065 1137 2127 sd

118 2162 245 2211 nostrum
270 2153 360 2212 locum
379 2163 521 2225 revertar,
544 2154 713 2212 sententiam
735 2171 789 2232 per
807 2171 840 2212 se
862 2152 1040 2232 perspicuant
1060 2149 1136 2212 bend

117 2238 159 2296 ite
173 2237 252 2297 clare
267 2237 396 2298 clocutus
412 2249 458 2297 est
473 2249 568 2316 poeta.
584 2237 649 2318 lpse
656 2238 730 2297 caim
737 2240 877 2296 iunctura
893 2239 946 2312 (el.
964 2235 1136 2311 Senec.l.i.)

117 2318 222 2383 dieitur
243 2342 356 2401 ungues
376 2341 493 2383 severos
514 2324 534 2382 i.
557 2342 585 2382 e.
616 2333 749 2383 accurate
776 2322 971 2384 examinantes
995 2341 1053 2401 per
1074 2323 1137 2382 lese

117 2404 273 2488 effundere
288 2408 316 2467 b.
331 2428 358 2468 e.
381 2409 510 2469 iunctura
531 2420 588 2468 tam
603 2419 668 2488 apta
683 2418 745 2480 est,
761 2417 793 2466 ut
807 2427 933 2486 ungues,
949 2406 1013 2467 dnm
1028 2409 1137 2469 exemi·

118 2504 204 2565 nent,
219 2493 349 2553 labentur
363 2513 450 2572 super
464 2494 574 2573 planam
590 2514 624 2554 ac
640 2495 731 2553 levem
753 2493 942 2571 superficiem.
978 2493 1015 2552 V.
1037 2491 1136 2575 effice·

120 2579 192 2637 dere
206 2579 365 2657 explicatur
380 2579 444 2640 Ιοοο
460 2579 591 2640 Senecae
608 2587 666 2659 (ep.
676 2577 708 2650 (2,
726 2583 740 2641 l
758 2598 785 2657 p.
802 2582 843 2642 96
859 2577 988 2651 Scbw.)‚
1003 2578 1051 2638 ubi
1067 2578 1137 2639 dicit

120 2661 158 2722 de
181 2665 385 2742 compositione
407 2663 526 2725 Fabiani
547 2663 669 2745 Papirii:
699 2663 880 2736 Fumosae,
914 2662 988 2746 qnod
1010 2662 1082 2726 dieis
1105 2674 1137 2724 et

118 2743 237 2827 ffuads‘
246 2750 345 2822 verba,
360 2770 415 2809 noo
431 2751 509 2832 fingi,
533 2752 650 2828 primum
666 2749 752 2809 babet
774 2750 829 2807 iata
850 2767 898 2809 res
921 2770 1000 2809 snam
1014 2750 1135 2827 gratiam

119 2844 151 2892 et
165 2845 211 2893 est
233 2831 320 2894 decer
341 2837 472 2914 proprius
495 2837 631 2895 orationis
655 2834 758 2894 leniter
778 2834 886 2912 lapsae.
915 2833 986 2895 lllnd
1003 2835 1134 2913 perteue

118 2930 212 2978 sutem
236 2931 355 2981 sumtum
381 2919 494 2980 videtur
514 2941 552 2980 ex
567 2921 631 2979 loco
652 2919 760 2978 Horatii
782 2918 855 2991 (Sat.
876 2919 912 2992 lt,
935 2926 966 2990 7,
987 2923 1029 2983 86
1059 2924 1133 3000 sq.)s

118 3003 212 3065 Terea
227 3016 312 3085 atque
327 3004 462 3065 rotundus
485 3007 596 3068 externi
617 3023 653 3064 ne
676 3003 740 3084 qnid
757 3005 849 3064 valeat
859 3024 918 3084 per
937 3007 1001 3064 leve
1013 3006 1131 3064 morari.

118 3121 162 3134 -
175 3088 305 3150 Alterum
321 3092 356 3150 ab
372 3102 435 3151 arte
451 3091 594 3151 fabrorum
609 3101 728 3150 sumtum
744 3100 806 3162 est3
828 3101 858 3149 ut
873 3091 900 3148 bi
915 3092 988 3151 enim
1004 3091 1135 3169 apposita

118 3174 236 3252 regula,
259 3195 332 3256 quae
351 3196 437 3236 curva
458 3186 669 3254 cognoverunt,
691 3174 847 3234 extendunt
869 3175 918 3247 (V,
933 3180 986 3247 38)
1008 3187 1039 3235 et
1053 3185 1134 3235 reeta

118 3258 235 3331 iaciunt,
250 3263 290 3319 ita
304 3271 390 3339 poeta
411 3280 512 3322 versus
535 3272 630 3322 rectos
647 3262 745 3320 lacere
764 3261 859 3320 callet.
895 3260 1015 3320 Utuntur
1039 3271 1133 3320 autem

118 3344 193 3404 labri
208 3346 333 3405 funiculo
349 3347 433 3406 rubro
448 3347 545 3408 colore
561 3347 659 3416 oblito,
676 3346 814 3416 rubrica,
838 3364 910 3426 quse
927 3341 1043 3420 σπάρτη
1058 3341 1132 3423 spnd

118 3429 245 3510 llesycb.
262 3451 287 3490 s.
302 3451 340 3501 v.‚
356 3430 457 3509 polvs}
475 3427 575 3491 suauis
596 3430 668 3510 apud
683 3429 847 3509 Euripidem
863 3430 960 3506 (llere.
984 3430 1040 3488 fur.
1056 3433 1130 3503 965)

117 3527 247 3585 secatur,
262 3527 292 3576 et
314 3518 388 3576 inter
403 3517 547 3577 fabrorum
561 3518 748 3576 instrumenta
762 3527 947 3587 accusetur,
968 3536 996 3574 v.
1011 3513 1129 3577 Antbnl.

118 3598 179 3660 Pal.
196 3600 245 3672 vl,
271 3604 341 3673 1⁰3,
365 3606 384 3663 5
400 3622 460 3680 ιο.)
480 3605 555 3671 2⁰5,
570 3605 602 3665 3.
622 3601 742 3661 Salmas.
762 3600 884 3661 Exercc.
901 3600 972 3660 Plio.
987 3620 1015 3679 p.
1038 3603 1131 3664 titt

118 3684 203 3758 Quod
215 3686 371 3746 observare
387 3687 463 3758 licet,
484 3687 597 3759 fabros,
618 3698 649 3746 ut
672 3707 754 3767 quam
775 3687 988 3746 accuratissime
1003 3696 1132 3757 cernent,

117 3790 174 3830 nno
188 3781 294 3831 tentum
310 3771 451 3844 aculeati,
465 3771 583 3831 alterum
598 3770 741 3842 claudere,
756 3769 785 3831 id
799 3791 851 3851 pro
859 3790 937 3831 more
946 3770 1132 3844 eunPersins,

117 3856 214 3916 talium
227 3876 324 3916 rernm
345 3856 466 3936 diligens
481 3857 660 3929 observator,
675 3855 768 3929 addit,
791 3868 822 3917 ut
842 3857 952 3936 plenam
970 3857 1132 3936 claramque

118 3961 157 4002 ex
182 3944 245 4021 ipsa
269 3944 329 4001 vita
349 3944 465 4022 petitam
495 3944 645 4020 imaginem
667 3942 811 4003 exhibeat.
849 3941 985 4002 Similiter
1012 3941 1132 4001 Luciam.

117 4026 322 4106 lcsrnmenipp.
342 4032 395 4090 ll:
415 4023 498 4085 Έπιι
515 4048 566 4086 και
580 4048 652 4097 τους
660 4047 801 4098 tenurae
811 4023 954 4098 πολλάκις
964 4023 1133 4110 ἑορακέναι

116 4131 172 4194 μοι
187 4110 270 4172 δοκῶ
281 4110 405 4194 θούρῳ
424 4112 468 4190 τῷ
481 4107 651 4191 ὀφθαλμῶν
668 4107 789 4189 ἄμεινον
805 4106 882 4195 πρὸς
903 4107 975 4182 τούς
1004 4106 1133 4182 κανόνος

117 4191 345 4265 ὄοιευθύοοπας
363 4193 400 4256 τοὶ
423 4191 507 4268 ξύλα.
556 4195 644 4276 Grcg.
665 4196 739 4258 Nan.
761 4215 825 4257 cnc.
848 4199 948 4276 virgin.
972 4201 1035 4260 sut
1048 4216 1130 4277 ’tl-²

111 4275 193 4356 Ἤδη
209 4280 263 4341 sul
274 4276 330 4340 τιν’
346 4276 453 4341 ὄπωπα
465 4277 609 4354 λιθοξόον
618 4278 658 4355 ἠέ
667 4277 726 4342 τιν’
742 4276 839 4363 ἔργον
851 4277 933 4365 ddpsr
947 4279 1130 4364 doupurtbse,

116 4362 258 4436 mensoria
270 4365 322 4425 καὶ
340 4363 519 4447 φράδμονος
535 4363 650 4450 ἄνδρας
664 4365 764 4440 idries
781 4363 952 4444 οτάθμηοιν
973 4361 1047 4440 imis
1066 4364 1133 4426 dsu-

117 4447 335 4536 sespsripomus,
348 4448 391 4521 aie
411 4448 516 4528 φοιέιον
527 4451 629 4533 ἕτερον
646 4450 701 4529 μὲν
714 4445 775 4513 ὑπὸ
795 4448 993 4535 βλεφάροισιν
1005 4445 1130 4525 ἔδησαν,
