2574 5054
75 314 78 322 ι

212 719 256 787 eo
564 723 797 812 811166-
813 727 865 789 oo.

213 895 257 975 τῷ
268 889 298 955 d'
319 889 412 976 ἑτέρῳ
431 890 603 973 πέμψαντες
621 889 690 955 ὅλον
712 889 794 972 φάος
815 891 858 964 εἰς
876 887 911 952 ἓν
931 887 1065 976 ἆγερθέν
1091 888 1231 977 ἆτρεκΙης

215 977 371 1060 daimona-
406 980 475 1038 Sive
489 998 541 1059 pro
556 980 605 1039 vel
622 981 653 1038 ri
664 982 729 1059 poni
744 1000 762 1040 a
776 978 964 1058 compluribus
979 977 1161 1039 observatum
1175 991 1230 1041 eet.

215 1063 247 1126 ld
275 1077 341 1124 tune
387 1065 507 1124 maxime
536 1064 583 1134 fir,
613 1064 660 1123 ubi
697 1067 759 1125 orire
779 1067 905 1136 -siue
935 1066 1159 1143 coniunguntur,
1188 1066 1228 1124 el.

215 1150 331 1211 Laebrn.
348 1147 384 1208 ad
399 1148 531 1228 Propert.
549 1149 585 1221 ll,
603 1155 631 1221 1,
647 1155 698 1212 nt.
742 1150 812 1209 Tum
833 1150 922 1208 solum
943 1151 1005 1208 rior
1017 1149 1071 1209 bae
1086 1149 1229 1228 signitica-

215 1238 292 1295 tione
308 1237 484 1312 imponitur,
500 1246 530 1293 ut
545 1233 699 1312 praecedat
715 1233 752 1307 id,
770 1238 817 1295 eui
833 1235 951 1294 alterum
967 1233 1070 1316 aliquid
1086 1254 1139 1314 per
1153 1247 1228 1313 part.

215 1322 266 1381 uel
286 1318 380 1380 addita
401 1317 560 1380 conditione
577 1318 750 1399 adiungitur,
773 1333 805 1380 ut
822 1318 896 1400 apud
918 1319 1037 1380 Terent.
1060 1318 1191 1380 llonueb.
1208 1319 1229 1390 1,

215 1410 247 1477 2,
272 1409 329 1468 19:
351 1407 464 1466 Hebriue
474 1406 604 1484 postulo,
622 1408 683 1464 sine
694 1416 881 1485 aequumst,
897 1425 960 1466 oro.
986 1404 1082 1465 Simile
1098 1416 1143 1464 est
1156 1403 1230 1485 epod

217 1491 320 1551 Tibull.
336 1490 371 1561 ΙΙ,
386 1496 417 1562 4,
432 1494 484 1553 43.
506 1492 567 1550 Seu
582 1492 847 1563 veneratiores,
863 1491 911 1550 ubi
926 1503 1142 1569 praecesseratz
1186 1493 1231 1550 At

216 1577 274 1637 nti
283 1577 429 1654 diripiant
441 1586 543 1636 neotus
558 1586 590 1635 et
601 1577 679 1653 rgm's
693 1595 773 1654 opes,
796 1573 869 1655 qnod
893 1596 1057 1657 quamquam
1079 1576 1166 1635 aliter
1179 1594 1230 1635 ex·

215 1680 356 1742 pressum,
372 1662 439 1721 nihil
455 1673 608 1720 esttamen
622 1662 676 1720 nisi
690 1663 721 1720 si
737 1662 901 1740 dimissum,
918 1663 996 1740 quod
1008 1671 1084 1740 opto.
1100 1660 1229 1741 Denique

216 1747 272 1806 bne
286 1744 477 1817 referendum,
493 1745 566 1825 qnod
582 1748 707 1825 quamvis
715 1745 829 1806 brevius
842 1745 912 1805 dixit
919 1746 1059 1805 luvenalis
1075 1745 1123 1820 (ΙΙ,
1140 1750 1229 1818 itm:

220 1833 384 1903 Corniea'rra',
400 1834 462 1890 orire
477 1834 524 1890 lu'e
536 1841 617 1890 reete
635 1841 811 1891 cantaverat
823 1851 911 1904 aare,
933 1831 979 1891 nbi
995 1834 1019 1890 si
1034 1832 1119 1910 plene
1133 1829 1229 1891 dieen-

216 1916 281 1976 dum
297 1928 375 1987 erat,
405 1914 469 1975 addi
484 1915 607 1976 debebat
623 1917 756 1988 tubicini,
765 1917 837 1997 quod
849 1917 932 1977 laeile
948 1917 1122 1996 intelligiturs
1137 1917 1230 1981 Aliter

216 2002 353 2062 sehabet
374 2013 474 2061 noster
494 2002 588 2072 loeus,
611 2002 657 2059 nbi
679 2000 745 2060 illud
767 2004 830 2061 sior
849 2005 960 2061 omnino
982 2002 1155 2073 nonhabet,
1175 2020 1229 2082 quo

216 2088 378 2157 reseratur,
400 2106 455 2146 nee
475 2086 519 2157 id,
542 2085 616 2166 quod
632 2085 759 2159 additur,
782 2089 865 2147 simili
879 2090 988 2147 ratione
1004 2107 1066 2147 eum
1081 2088 1134 2159 iis,
1157 2104 1229 2165 qnae

217 2171 402 2253 praecedunt,
424 2175 609 2250 coniungitur,
632 2184 662 2230 ut
677 2174 704 2231 in
720 2174 856 2250 exemplis
879 2172 961 2232 modo
983 2174 1145 2233 memoratis
1160 2169 1229 2231 vidi·

217 2277 291 2317 nnus.
323 2256 486 2335 Comparari
508 2269 601 2316 autem
622 2270 717 2336 potest
744 2257 845 2318 Tibulli
875 2259 954 2318 loeus
985 2259 1018 2332 (Ι,
1040 2253 1131 2328 (1421
1156 2260 1228 2336 sq.):

218 2343 324 2404 Exibit
344 2363 429 2420 quom
450 2362 538 2421 saepe
559 2345 638 2415 time,
653 2363 706 2402 seu
729 2346 825 2403 urbere
840 2345 1015 2403 dicetsonro
1031 2343 1124 2403 bonne
1139 2343 1230 2402 Μηί-

219 2428 273 2488 bus
286 2448 342 2486 uon
358 2429 491 2486 adeunde
505 2430 604 2502 Dene5
625 2447 679 2488 nee
694 2427 833 2488 dissimilis
850 2442 895 2488 est
910 2428 1050 2507 Propertii
1072 2428 1152 2487 loeus
1171 2426 1230 2501 (ΙΙΙ,

217 2518 270 2584 21,
286 2516 305 2575 9
322 2532 366 2592 sq.
384 2513 427 2590 [ll,
443 2516 495 2583 26,
510 2518 551 2575 29
567 2515 650 2593 sq.]):
671 2515 732 2572 Seu
747 2533 828 2573 more
839 2534 897 2593 per
912 2516 1029 2592 longum
1043 2533 1108 2573 meo
1123 2513 1233 2592 cogitet

219 2601 265 2658 ire
276 2600 397 2677 puello,
424 2600 649 2676 lancarwan,
674 2598 720 2658 ubi
743 2597 888 2677 praeeedit
913 2600 1056 2678 generalis
1080 2598 1229 2667 sententia,

218 2685 332 2743 multum
348 2684 375 2741 in
391 2701 487 2741 amore
502 2681 584 2742 fidem
600 2681 747 2761 prodesse.
773 2685 823 2744 llis
839 2686 925 2764 igitur
939 2685 1009 2744 loeis
1025 2704 1080 2743 nnn
1095 2680 1230 2764 quaedam

218 2787 267 2829 res
282 2788 351 2847 prae
371 2769 478 2828 ceteris
500 2766 610 2827 videtur
625 2768 786 2839 efferenda,
808 2768 836 2828 id
852 2768 925 2850 qnod
946 2771 1084 2849 particula
1103 2769 1153 2827 nel
1170 2767 1231 2829 lieri

217 2866 313 2914 notum
328 2865 383 2924 est,
405 2873 492 2933 quare
514 2856 577 2912 siue
598 2857 637 2913 ita
658 2852 808 2913 adhibitum
834 2854 960 2926 videtur,
982 2866 1012 2915 ut
1026 2856 1092 2927 nel,
1116 2850 1190 2935 quod
1204 2853 1232 2912 ei

217 2943 302 3010 inest,
318 2959 380 2999 earn
396 2939 627 3016 significationem
643 2939 756 3012 babeat,
771 2961 826 3020 qua
840 2960 892 3019 pro
907 2945 1006 3012 enum,
1023 2941 1095 2999 odeo
1109 2940 1231 3018 ponitur.

218 3026 261 3086 lta
276 3044 378 3085 sensus
393 3024 473 3083 bisne
489 3024 558 3083 loeis
575 3025 731 3096 constabit3
749 3025 821 3104 apud
835 3026 1028 3104 Propertium:
1066 3027 1089 3084 si
1112 3023 1159 3083 vel
1181 3041 1233 3103 per

218 3130 296 3171 mare
311 3112 423 3188 longum
439 3119 496 3180 ent,
512 3129 616 3189 sequar
630 3110 764 3189 puellam3
789 3110 861 3190 apud
876 3112 1030 3171 Tibullum:
1068 3125 1232 3190 quoeunque

219 3197 286 3267 ibit,
301 3198 419 3264 timeas,
449 3197 534 3253 etiam
557 3198 581 3254 si
598 3215 680 3254 saera
702 3195 776 3255 bona
791 3196 871 3256 Deae
886 3199 982 3256 visura
999 3207 1061 3266 est;
1091 3192 1166 3273 apud
1180 3212 1232 3252 no·

219 3293 324 3340 strum:
347 3280 393 3339 rel
415 3282 442 3338 in
465 3280 512 3338 tali
535 3293 700 3359 argumento
715 3301 763 3341 res
778 3281 901 3359 grandes
917 3281 995 3341 dabit
1009 3291 1106 3340 nostro
1129 3289 1232 3358 poetae

219 3365 311 3425 Musa.
345 3367 424 3444 Opus
440 3366 470 3423 ia
488 3384 583 3425 mores
597 3378 653 3425 ete.
669 3386 833 3446 quamquam
856 3388 910 3425 non
930 3367 1094 3427 necessario
1114 3362 1151 3425 de
1171 3365 1232 3424 lan·

220 3450 332 3511 datione
348 3470 410 3509 curn
425 3448 572 3509 Prisciano
589 3450 704 3524 (xvnl,
725 3455 765 3513 23
782 3473 809 3530 p.
828 3457 921 3524 1173)
944 3449 1155 3530 intelligendum
1177 3459 1233 3519 est,

219 3549 313 3597 tannen
336 3537 510 3613 praepositio
531 3538 561 3594 in
576 3536 604 3594 b.
625 3537 644 3595 l.
667 3557 722 3595 oon
746 3540 889 3596 adversus
909 3538 1064 3616 signifieat,
1081 3533 1132 3596 sed
1148 3553 1233 3614 argu·

219 3633 341 3681 mentum
358 3622 488 3679 carminis
512 3619 632 3691 indicat,
656 3623 696 3682 ei.
715 3621 804 3681 llaod.
820 3623 942 3682 Tursell.
959 3623 984 3683 ll
999 3643 1026 3701 p.
1042 3625 1115 3684 311.
1152 3619 1235 3680 Talia

219 3709 293 3769 enim
308 3717 474 3784 argumenta
489 3706 595 3764 calvum
612 3705 751 3766 deeebant
765 3719 925 3786 nugantem.
963 3707 1094 3767 Ceterum
1117 3702 1182 3766 vide
1203 3715 1235 3763 ut

221 3796 248 3852 in
263 3814 309 3852 w.
325 3810 431 3861 morer,
448 3791 547 3863 loeus,
554 3793 687 3869 prandio
703 3795 793 3871 magis
808 3795 953 3873 magisque
969 3789 1125 3852 descendat
1146 3790 1182 3850 nb
1196 3808 1234 3850 eo

220 3876 294 3957 quod
310 3875 470 3936 universale
486 3888 531 3935 est
546 3874 581 3935 ad
596 3876 759 3955 singularia.
775 3881 868 3956 linger
883 3897 920 3938 ex
934 3889 1067 3956 corrupto
1084 3878 1147 3935 eius
1161 3886 1235 3935 tenr-

221 3966 298 4042 poris
314 3982 366 4021 usu
382 3981 398 4019 a
414 3961 562 4021 clientibus
578 3963 752 4022 vorabantur
767 3963 877 4023 nobiles
892 3961 1004 4032 divites,
1020 3982 1047 4021 v.
1062 3962 1097 4032 ΙΙ,
1113 3964 1165 4023 87.
1188 3959 1235 4020 Cl'.

220 4066 293 4129 quae
309 4045 574 4124 collegitSeebode,
592 4046 732 4107 Schola.
749 4047 817 4107 llor.
833 4069 860 4126 p.
877 4053 896 4111 8
912 4068 955 4127 sq.
978 4051 1033 4107 lies
1045 4047 1191 4124 grandes,
1204 4056 1238 4105 ut

220 4155 247 4193 v.
265 4134 426 4208 llgroude
434 4131 561 4208 aliquid,
577 4133 730 4192 ubiv.ann.
746 4135 857 4192 Nostro
861 4144 987 4211 poetae,
1002 4152 1083 4212 quem
1100 4150 1237 4202 amamus,

220 4227 401 4287 namnoster,
419 4228 449 4274 ut
464 4215 692 4292 attenuasset
703 4217 853 4278 Temllee.
870 4219 907 4288 V,
915 4222 984 4289 2,1)
996 4215 1166 4277 blandientis
1180 4228 1237 4276 ert.

305 4325 334 4362 r.
353 4304 489 4363 tte-75.
513 4300 581 4374 llos,
597 4306 643 4385 qui
659 4304 726 4363 nibil
748 4306 801 4363 nisi
816 4323 903 4383 parva
918 4315 949 4363 et
966 4304 1038 4362 levia
1060 4303 1186 4362 earmina
1200 4300 1240 4360 ad

221 4387 395 4449 Graecorum
410 4386 538 4463 exempla
555 4390 652 4449 lacere
668 4390 807 4463 solebant,
822 4410 896 4450 nune
911 4390 1035 4468 nonsine
1050 4387 1238 4448 admiratione
