2574 5054
450 724 814 799 PROLBGOMENA.
1008 746 1141 793 cxxxvii

148 899 278 951 menni
294 897 428 966 nasisque
445 896 582 967 eppreirte
597 897 759 964 leqeaiibus,
783 909 860 965 quara
881 893 981 963 gloriae
999 900 1026 948 et
1042 887 1140 949 incisi

149 1001 209 1037 case
233 982 471 1049 aaiuraduerterei,
495 982 660 1035 nihilomiuus
684 983 710 1035 in
729 983 857 1052 proposito
874 981 984 1044 mansit,
1009 982 1141 1051 multoque

148 1068 308 1138 exemplaria
324 1075 460 1121 contrecta
474 1076 484 1104 ¹
500 1070 636 1120 emendere
653 1084 685 1121 ae
703 1068 863 1134 distinguere
880 1074 908 1119 ei
925 1067 1048 1118 aduniere
1065 1081 1142 1119 eara-

148 1156 209 1219 vii,
231 1154 281 1206 seii
300 1153 360 1214 huic
378 1168 426 1205 nee
444 1152 491 1206 ulli
509 1160 643 1221 praeterea
661 1154 840 1219 qremuatices
857 1153 925 1220 parti
948 1152 1062 1203 deditus.
1093 1151 1142 1203 llic

149 1256 202 1292 aea
219 1248 273 1292 tan
296 1238 452 1307 discipulus,
482 1255 557 1307 quan
580 1247 724 1292 sectatores
749 1239 847 1307 aliquoi
872 1236 981 1302 lisinii,
1006 1252 1142 1305 nunquan

148 1327 219 1378 eain
235 1325 274 1377 iia
291 1324 393 1390 domii,
411 1331 442 1378 ui
458 1326 575 1391 magistri
593 1342 727 1395 personam
744 1325 902 1384 sustineret,
922 1338 998 1374 uuum
1016 1322 1059 1373 sel
1076 1321 1143 1375 alie·

149 1426 226 1474 run,
250 1411 293 1463 uel
315 1426 373 1464 ean
395 1410 520 1480 plurimos
544 1420 599 1465 ires
622 1419 668 1464 eut
692 1418 813 1479 quaiiuor
836 1408 1045 1476 postmeridianis
1071 1406 1142 1459 iuria

148 1498 288 1549 adniiiere
310 1495 430 1560 sciehat,
455 1496 603 1565 cubausque
627 1499 697 1550 inter
718 1497 806 1563 lungun
824 1510 855 1546 uc
872 1494 993 1560 vulqures
1011 1509 1141 1545 sermones

149 1583 239 1647 legere
253 1588 264 1615 ²
280 1580 422 1648 quaedam,
441 1580 518 1649 idque
536 1598 651 1650 perraro.
681 1581 764 1635 llinis
782 1595 862 1649 pauca
881 1586 908 1632 et
925 1581 1018 1645 exigua
1035 1580 1066 1631 de
1085 1580 1142 1646 qui·

149 1666 258 1718 luda·
276 1666 383 1718 tuiautia
399 1668 604 1734 quaestiunculis
621 1669 720 1733 edidit,
743 1667 849 1734 reliquit
873 1673 958 1718 autem
977 1681 1026 1716 uun
1044 1663 1142 1716 mediu-

149 1768 221 1804 eren
239 1752 332 1803 silvan
348 1751 558 1804 uburvatiuuum
575 1753 699 1806 mmouis
717 1752 828 1819 antiqui.

112 1853 207 1919 Hune
223 1852 428 1939 Hierony-us
442 1854 473 1918 iu
489 1855 597 1919 clirun.
613 1855 652 1919 ad
667 1854 708 1919 ol.
724 1849 868 1932 ccviii,
884 1850 918 1933 i,
935 1850 1141 1919 Cassiodorus

112 1958 152 2020 ed
175 1955 362 2019 consulatum
385 1952 558 2022 Marcellini
580 1965 611 2022 ei
633 1957 764 2022 Auiolae
779 1978 810 2021 u.
827 1976 859 2019 u.
877 1979 906 2020 c.
923 1953 998 2034 807,
1016 1977 1043 2041 p.
1061 1950 1138 2018 cir.

114 2057 157 2120 55
172 2059 289 2134 rciert,
313 2055 479 2122 chronicon
502 2056 715 2145 Uespergeuse
736 2057 781 2144 (p.
798 2056 840 2123 47
856 2058 906 2123 ed.
925 2054 1023 2139 1609)
1038 2078 1069 2122 e.
1086 2055 1140 2119 do-

114 2158 189 2222 mini
204 2158 246 2223 59
261 2159 407 2225 claruisse
423 2159 532 2240 trudit,
556 2160 636 2224 uude
658 2160 733 2225 satis
754 2171 894 2239 consini,
919 2182 987 2225 eum
1003 2157 1058 2224 sub
1074 2157 1139 2224 Ne·

115 2280 194 2324 rone
214 2258 344 2325 vixisse.
383 2258 417 2327 si
439 2261 518 2326 idem
540 2273 605 2342 esi,
630 2273 663 2328 ui
683 2261 849 2328 verisimile
864 2261 1003 2340 videtur,
1027 2261 1140 2343 dequo

112 2349 357 2428 Mariiulisdicit
370 2359 444 2445 (ΙΙΙ,
460 2363 493 2444 2,
513 2363 567 2449 12)
582 2365 621 2429 ud
634 2364 743 2429 librum
759 2386 865 2430 suum:
882 2365 944 2428 Illo
960 2359 1140 2446 (Faustino)

114 2465 240 2529 rmdice
260 2485 318 2528 nec
344 2462 479 2530 Probum
507 2468 631 2542 liureio,
662 2467 755 2533 viium
785 2488 877 2551 usque
906 2466 944 2531 ud
974 2463 1142 2528 Domitiani

117 2580 259 2652 tempore
287 2566 449 2652 produxit,
479 2589 546 2633 cum
581 2587 618 2632 ea
644 2589 706 2634 uon
734 2568 794 2633 nisi
824 2569 861 2634 de
889 2568 960 2634 vivo
987 2577 1055 2652 epte
1084 2566 1142 2631 dici

113 2669 281 2755 potuerint.
318 2665 391 2733 Fuit
418 2680 520 2735 autem
549 2690 661 2735 revere
692 2668 834 2736 Valerius
862 2668 982 2734 Probus
1011 2688 1141 2735 severus

114 2780 275 2858 poetarum
290 2781 448 2836 censeret
462 2771 644 2857 castigator,
667 2773 786 2855 qualem
808 2772 850 2837 ibi
873 2772 999 2859 respicii
1014 2769 1142 2836 Martie·

114 2873 174 2951 lis,
199 2894 257 2938 uec
271 2871 428 2959 quicquum
443 2882 510 2952 est,
533 2874 613 2959 quod
628 2873 790 2959 impediet,
811 2875 968 2958 quominus
984 2896 1052 2939 eum
1068 2885 1140 2939 tunc

112 2973 324 3060 supervixisse
346 2975 515 3041 credemus.
552 2973 633 3040 Num
657 2975 728 3041 illud
752 2998 812 3041 uon
836 2977 924 3041 nimis
944 2975 1140 3062 premendum

115 3087 186 3153 esi,
210 3076 289 3160 quod
304 3077 359 3142 suli
374 3074 504 3142 Nerone
527 3078 681 3142 clurus‘sse
702 3077 823 3143 dicitur.
853 3076 968 3143 Notum
992 3078 1072 3142 enirn
1094 3087 1143 3142 est

112 3180 189 3243 ielis
209 3201 228 3243 e
250 3179 489 3266 chronographis
513 3201 575 3243 non
598 3180 686 3243 nimis
707 3189 850 3245 occuruie
878 3179 949 3266 poni
962 3225 971 3257 ‚
1005 3191 1037 3246 et
1066 3178 1141 3243 uiliil

113 3283 188 3347 inde
211 3291 296 3344 certo
318 3280 433 3346 desumi
462 3303 574 3367 posse,
600 3281 657 3346 nisi
687 3283 866 3369 scriptorem
897 3295 968 3350 tunc
1000 3281 1142 3366 temporis

112 3385 246 3449 vixisse.
271 3381 418 3477 Solepoui
432 3384 512 3449 enirn
528 3404 565 3448 eo
580 3405 661 3448 euuu
676 3384 707 3448 id
729 3387 868 3466 reierrc,
892 3409 949 3470 quo
965 3386 1143 3468 scriptorem

113 3488 217 3571 alique
239 3484 276 3550 de
299 3504 391 3551 muse
409 3497 602 3551 memoratum
617 3485 835 3567 inveniebant,
859 3490 937 3554 uude
954 3489 1064 3553 iactum
1081 3495 1141 3561 cst,

114 3587 245 3653 utillud
268 3586 460 3664 clarescere,
487 3587 608 3673 florere
637 3588 862 3656 diversissimos
891 3591 1001 3656 ueieiis
1031 3588 1142 3672 gradus

113 3690 280 3775 significet.
317 3684 422 3772 ltaque
445 3689 519 3754 uilril
542 3690 660 3772 obsint,
684 3691 843 3775 quominus
859 3713 926 3757 eum
942 3692 997 3758 sub
1013 3689 1142 3755 Nerone

114 3792 269 3877 incepisse
284 3791 489 3877 grammaticis
504 3793 611 3859 stodiis
627 3815 751 3880 operum
767 3794 839 3860 dore
862 3806 1021 3880 putemus,
1045 3792 1086 3856 itu
1110 3800 1143 3854 ui

116 3893 282 3959 Domitiani
305 3892 492 3978 temporibus
517 3896 615 3962 adbuc
641 3896 767 3962 vixerit.
805 3894 935 3962 Accedit
965 3896 1043 3980 quod
1073 3915 1142 3958 eum

118 4085 129 4136 l
152 4081 336 4134 contractui.
351 4099 375 4135 e.
388 4082 512 4149 collecta,
530 4092 662 4149 couqesia.
681 4082 722 4136 Ci.
737 4091 839 4151 praeter
850 4085 965 4152 exempla
978 4085 1010 4134 ab
1023 4081 1141 4135 Oudend.

151 4152 250 4214 allata,
274 4151 367 4217 Quini.
379 4150 422 4219 X,
430 4154 455 4217 7,
469 4155 516 4207 312
542 4153 614 4206 Num
635 4153 771 4205 Ciceronis
788 4153 1006 4220 (commentorium)
1018 4151 1055 4202 nsi
1063 4167 1143 4218 prus·

151 4237 212 4270 aena
229 4222 308 4271 mucio
319 4227 426 4288 tenipus
436 4227 548 4288 opinior
563 4223 676 4273 liberine
696 4221 760 4274 Tire
778 4227 930 4274 contruxit.
951 4222 1012 4273 laid.
1033 4221 1105 4284 (iniq.
1120 4216 1141 4282 l,

151 4290 181 4340 21
204 4289 244 4354 (Ρ.
261 4288 335 4341 Diae.
349 4291 459 4343 deuoti.
477 4290 588 4358 praei.);
612 4292 712 4342 Seneca
728 4297 870 4343 contracto
887 4296 1005 4343 oninium
1023 4290 1144 4356 digesio-

152 4375 204 4423 qrie
221 4375 344 4410 niersiero.

116 4426 194 4479 ici.
216 4427 362 4480 ll'eicireri.
386 4434 465 4495 pueti.
484 4428 544 4481 lati.
566 4429 623 4481 rell.
644 4445 669 4496 p.
689 4429 749 4482 359.
