2574 5054
303 1803 868 1875 suriunt.

383 2003 797 2066 ,ARGUMENTUM

169 2313 310 2391 Prologo,
341 2333 422 2392 quem
447 2313 631 2371 scazontibus
655 2313 843 2390 conscriptum
867 2315 973 2390 primae
996 2315 1104 2374 satirae

83 2401 232 2478 praemisit
247 2399 379 2468 Persius,
403 2417 438 2457 nc
454 2397 520 2477 quid
535 2417 552 2456 a
568 2416 600 2456 se
617 2408 786 2476 exspectent
800 2398 939 2468 homines,
960 2397 1034 2477 quod
1049 2418 1104 2457 non

85 2485 123 2541 sit
138 2482 337 2562 praestiturus,
360 2481 540 2559 deprecatur.
578 2482 679 2561 Neque
695 2484 767 2540 enim
785 2494 867 2559 poeta
882 2483 941 2542 νιιΙι
962 2481 1052 2543 videri
1067 2503 1105 2543 ex

85 2588 184 2628 corum
206 2588 341 2640 numero,
364 2569 411 2647 qui
434 2566 637 2627 cumGraecis
659 2567 748 2626 Musis
771 2571 967 2627 commercium
988 2568 1104 2641 hahent,

85 2652 178 2712 divino
193 2656 281 2713 afflati
297 2655 395 2732 spiritu
411 2664 516 2712 canunt
537 2663 567 2711 et
581 2655 713 2731 praemiis
729 2664 880 2712 ornantur:
904 2652 939 2711 ad
955 2654 1026 2713 hanc
1043 2654 1104 2713 iun·

85 2738 147 2799 dem
164 2760 200 2798 ne
217 2741 345 2818 aspirare
360 2737 470 2817 quidem
487 2758 581 2810 ausus,
598 2737 751 2797 Romanum
767 2757 892 2810 carmen,
908 2741 1033 2810 satiram,
1042 2741 1104 2818 ipse

85 2824 183 2896 affert,
200 2823 272 2903 quod
288 2844 351 2882 num
366 2843 463 2883 verum
479 2843 593 2882 carmen
609 2826 720 2881 omnino
737 2825 790 2895 sit,
812 2822 965 2882 dubitatum
981 2835 1042 2892 est,
1059 2824 1104 2884 hic

85 2930 195 2988 qnoque
212 2910 355 2968 Horatium
371 2919 486 2968 secutus
504 2907 576 2982 (Sat.
587 2907 610 2978 l,
620 2913 698 2977 4,39
708 2928 769 2987 sqq.
785 2909 819 2978 ll,
830 2913 859 2980 6,
878 2915 928 2981 17)
946 2916 984 2982 (r.
997 2915 1102 2981 1-7).

84 2994 122 3052 Et
137 3005 237 3073 poetas
260 3013 328 3053 sane
350 3014 406 3052 non
427 3014 523 3054 verum
546 2995 705 3070 ingenium,
728 2991 780 3052 sed
802 2992 872 3052 dura
894 2995 1051 3053 necessitas
1074 3005 1105 3052 et

85 3077 230 3154 splendida
253 3077 409 3138 divitiarum
428 3098 495 3156 spes
520 3079 627 3138 faciunt
649 3085 686 3151 (v.
704 3083 846 3149 8-14).
890 3079 932 3137 Ita
954 3079 1034 3138 simul
1050 3079 1103 3137 sibi

83 3165 155 3223 uiam
172 3166 286 3223 munivit
300 3162 335 3223 ad
351 3174 554 3242 argumentum,
570 3161 643 3242 qnod
659 3165 747 3242 prima
761 3166 847 3222 satira
863 3166 1004 3233 tractavit,
1019 3162 1103 3242 quod,

84 3251 109 3308 si
125 3251 285 3308 universum
302 3258 431 3327 spectes,
453 3250 506 3307 hoc
523 3260 585 3318 cst,
601 3268 662 3307 eam
678 3268 745 3307 esse
761 3248 916 3307 litterarum
933 3259 961 3308 et
977 3251 1104 3328 poetico·

83 3355 143 3393 rum
161 3334 314 3393 studiorum
330 3331 529 3404 conditionem,
544 3345 574 3392 ut
583 3336 616 3403 is,
633 3336 677 3392 cui
693 3335 764 3392 haec
781 3353 867 3393 curae
883 3335 949 3404 sint,
965 3354 1019 3393 non
1037 3354 1104 3411 pos·

84 3422 191 3478 sitnon
208 3421 321 3478 satiram
339 3420 476 3478 scribere.
507 3417 538 3477 Id
554 3417 628 3497 qnod
644 3421 682 3476 ita
697 3421 835 3488 instituit,
861 3429 907 3488 ut,
931 3440 993 3478 curn
1009 3420 1102 3477 statim

83 3505 119 3562 ab
134 3507 212 3562 initio
228 3506 372 3564 consilium
396 3524 475 3562 snum
498 3506 670 3581 patefaciat,
693 3506 780 3581 lingat
802 3505 854 3563 sibi
878 3504 1033 3583 quendam,
1057 3507 1103 3582 qni

83 3588 239 3648 adversarii
256 3610 405 3667 personam
420 3592 458 3647 ita
480 3591 636 3657 sustineat,
659 3600 689 3646 ut
703 3591 810 3659 omnia,
833 3609 905 3668 qnae
922 3609 1058 3668 perversa
1074 3599 1104 3647 et

83 3687 217 3752 corrupto
231 3677 258 3733 in
276 3672 373 3733 studiis
390 3676 493 3732 aetatis
509 3693 578 3733 suae
594 3672 698 3732 iudicat
716 3674 847 3744 Persius,
869 3676 896 3733 in
910 3694 943 3734 se
960 3676 1039 3752 qnasi
1055 3693 1103 3733 re·

84 3770 259 3838 praesentet.
305 3762 357 3831 Qui
373 3780 434 3818 cum
452 3769 564 3837 poetam
582 3769 727 3837 provocet,
743 3758 771 3817 id
787 3761 917 3819 effectum
933 3771 988 3830 est,
1003 3770 1034 3817 ιιι
1048 3762 1103 3818 iam

83 3865 130 3915 ea,
154 3865 226 3922 qnae
242 3847 384 3922 vituperat
407 3844 533 3914 Persius,
550 3849 589 3901 ita
609 3856 757 3922 ponantur,
780 3856 880 3904 utnon
903 3857 959 3903 tam
982 3846 1017 3903 ab
1040 3847 1103 3922 ipso

83 3932 248 4007 excogitata
264 3928 342 3989 etad
358 3931 420 3988 eins
443 3931 611 3988 sententiam
635 3930 756 3988 formata
777 3928 935 4001 videantur,
951 3928 1002 3989 sed
1017 3931 1058 3988 ita
1073 3941 1104 3988 ut

84 4034 153 4074 vere
170 4027 284 4074 exstant
299 4015 334 4073 ab
350 4015 405 4073 aiio
421 4012 539 4093 quodam
554 4016 708 4092 proposita.
737 4015 814 4074 Haec
831 4035 883 4095 per
898 4014 1038 4093 dialogum
1055 4034 1103 4074 res

81 4099 224 4160 tractandi
240 4102 312 4159 ratio
328 4102 433 4159 satirae
443 4098 585 4159 Romanae
601 4101 715 4178 propria
731 4111 786 4169 est,
802 4120 884 4178 quam
900 4120 916 4158 a
931 4100 1103 4159 iocularibus

82 4186 199 4245 alternis
216 4183 364 4244 fundendis
379 4187 483 4243 initium
501 4187 637 4244 sumsisse
653 4195 780 4256 constat,
796 4196 826 4244 et
839 4188 913 4244 sicut
926 4188 954 4244 in
970 4187 1015 4257 iis,
1031 4206 1103 4268 quae

82 4269 194 4349 perdita
214 4281 295 4342 sunt,
315 4272 436 4347 vestigia
461 4270 542 4328 huius
566 4273 682 4328 rationis
699 4271 853 4331 observare
870 4271 947 4343 iicet,
962 4273 1002 4330 ita
1016 4272 1045 4329 in
1060 4272 1105 4342 iis,

83 4358 156 4435 quae
172 4367 286 4416 servata
302 4366 377 4425 sunt,
393 4355 471 4414 clare
488 4367 634 4433 apparent.
679 4356 769 4414 Tanta
785 4366 878 4415 antem
901 4356 1032 4417 libertate
1049 4356 1103 4415 hac

82 4440 188 4521 dialogi
205 4443 295 4503 forma
310 4443 353 4502 usi
374 4451 438 4501 sunt
453 4442 576 4514 satirici,
600 4452 631 4501 ut
645 4460 732 4522 saepe
748 4441 846 4502 dubius
862 4443 995 4514 haereas,
1011 4449 1103 4502 utrum
