2574 5054
425 760 507 822 SA'I'.
524 761 571 834 ΙΙΙ,
586 766 627 825 32
643 794 682 808 ·-
699 766 750 825 42.
1047 760 1106 826 Ι5Ι

90 953 189 997 eurum
209 932 314 1007 habet,
346 930 475 993 similiter
497 930 578 993 ovid.
601 932 669 992 Iler.
692 932 768 1005 VIII,
792 939 869 996 111:
897 933 1014 1013 „Saepe
1029 934 1110 994 malis

90 1026 226 1099 stupeo.“
250 1021 382 1097 Opimum
395 1021 518 1096 pingue,
534 1029 565 1076 ut
578 1021 689 1096 pungne
698 1022 816 1078 &mum
824 1016 897 1097 apud
904 1019 985 1099 Wrg.
1003 1019 1109 1098 Georg.

89 1105 138 1177 ΙΙΙ,
156 1107 227 1174 121,
242 1105 281 1164 ci.
297 1102 333 1163 ad
348 1104 382 1174 II,
399 1109 450 1175 74,
466 1103 703 1181 teneamus,
718 1106 747 1163 iu
762 1104 861 1184 quibus
876 1106 1050 1183 potissimum
1065 1107 1109 1165 vis

90 1187 232 1250 sentiendi
249 1192 324 1248 inest
339 1190 390 1264 (ci.
406 1187 440 1249 ad
452 1188 478 1262 I,
494 1193 560 1262 17),
575 1208 646 1268 quas
654 1189 825 1268 pinguedine
841 1190 1110 1268 nimiaobtorpescit

92 1277 143 1350 (cl.
160 1272 195 1334 ad
211 1275 233 1346 Ι,
250 1278 290 1337 56
306 1295 348 1354 sq.
365 1278 429 1347 96).
445 1275 472 1333 Is
486 1276 581 1352 igitur,
597 1276 662 1354 quIa
677 1277 788 1334 omniuo
804 1276 905 1335 nullutn
921 1277 979 1335 vitii
995 1296 1109 1335 sensum

91 1361 188 1432 habet,
203 1371 291 1420 curet
307 1361 407 1439 cuque,
424 1357 617 1419 cidleuaudr.
632 1381 726 1438 paup.
742 1380 863 1438 poscor.
881 1365 961 1424 43⁰2
984 1357 1110 1438 ‹ipudin

91 1440 182 1515 εἰδώς
196 1440 286 1505 οὐδὲν
298 1441 511 1527 ἐξαμαρτάνει,
527 1455 557 1505 et
571 1446 610 1504 ita
627 1447 700 1503 vitiis
716 1446 834 1504 obrutus
849 1457 911 1518 est,
928 1457 1026 1505 utnon
1042 1465 1109 1525 pos·

92 1532 130 1589 sit
145 1548 306 1608 emergere.
329 1530 573 1609 Comparationem
594 1528 713 1589 desumit
735 1531 838 1601 abiis,
859 1534 905 1610 qni
927 1532 956 1591 iu
971 1550 1044 1610 aqua
1058 1529 1110 1590 de·

91 1616 190 1687 morsi,
210 1616 272 1695 plus
294 1615 383 1674 semel
404 1614 439 1674 ad
461 1614 637 1692 superficiem
660 1611 797 1686 redeunt,
820 1612 912 1676 donec
932 1616 990 1675 alto
1006 1615 1108 1696 sepulti

91 1704 215 1760 iaceant.
251 1702 356 1761 Altum
381 1709 412 1758 et
434 1718 575 1758 sarnanum
593 1701 630 1758 ita
654 1700 707 1758 sibi
730 1712 917 1779 opponuntur,
931 1703 970 1762 cl.
988 1699 1055 1760 Seu.
1073 1698 1108 1761 de

90 1786 135 1844 ira
149 1783 172 1855 Ι,
190 1787 238 1845 16.
261 1785 359 1842 Ballit
369 1795 487 1844 naturae
503 1785 706 1844 convenienter
720 1784 807 1859 dixit,
827 1805 890 1846 nam
906 1807 978 1867 quas
993 1788 1022 1846 iu
1037 1807 1109 1867 aqua

91 1879 224 1948 sugunt,
239 1868 330 1927 bullas
347 1870 462 1928 iaciunt.

176 1975 204 2012 v.
217 1957 354 2016 tta-ta.
384 1954 489 2033 Magna
510 1975 571 2015 cum
589 1952 617 2015 vi
635 1974 769 2014 summum
789 1956 871 2015 hulus
893 1957 996 2016 satirae
1021 1976 1109 2034 argu-

91 2050 213 2099 mentum
229 2041 371 2118 exprimit,
389 2042 571 2099 miserrimam
586 2060 758 2100 corumesse
774 2040 971 2113 conditionem,
987 2044 1109 2122 quicum

92 2126 258 2204 intelligant,
275 2124 338 2205 quid
355 2137 463 2184 rectum
479 2127 526 2196 sit,
540 2137 632 2185 tamen
649 2138 883 2206 consequuntur.
925 2127 1038 2186 Summa
1055 2127 1110 2206 igi·

91 2221 138 2269 tur
154 2229 262 2288 poena,
277 2230 332 2289 qua
345 2208 415 2270 deus
437 2212 558 2290 aliquem
582 2211 700 2271 allicere
722 2222 832 2290 potest,
869 2231 904 2271 ea
918 2221 979 2283 est,
1010 2223 1039 2271 nt
1053 2213 1110 2271 vir·

92 2305 178 2353 tutem
193 2307 347 2372 agnoscat,
371 2316 452 2375 qnam
476 2298 538 2374 ipse
559 2294 675 2354 deserit.
705 2296 840 2376 Respexit
852 2296 883 2354 h.
901 2296 919 2354 l.
935 2297 1110 2373 Augustinus

92 2376 128 2437 de
144 2383 279 2456 magistro
295 2383 334 2441 9:
359 2380 497 2450 „Persius
512 2381 639 2439 omuibus
655 2385 765 2459 poeuis,
784 2401 852 2460 quas
869 2392 1050 2459 tyrannorum
1064 2381 1110 2440 vel

92 2463 244 2524 crudelitas
268 2467 441 2543 excogitavit
471 2466 517 2524 vel
539 2464 677 2544 cupiditas
697 2466 806 2544 pendit,
829 2466 902 2524 hanc
923 2486 1005 2525 ranam
1029 2477 1109 2525 aute·

92 2552 180 2628 ponit,
193 2571 248 2631 qua
262 2553 424 2609 cruciantur
436 2551 627 2631 homiues,qui
642 2553 719 2623 vitia,
728 2572 799 2631 quae
808 2554 897 2611 vitare
912 2572 967 2610 nou
982 2562 1110 2631 possunt,

92 2647 233 2713 coguntur
251 2645 442 2713 agnoscere.“
486 2638 598 2714 Magne
608 2648 700 2716 puter
722 2640 819 2696 diuum
839 2648 869 2696 ut
890 2637 1014 2696 Lucilius
1037 2635 1110 2715 apud

92 2720 225 2781 Lactaut.
240 2720 260 2780 Ι.
277 2721 313 2780 D.
329 2721 376 2781 III.
392 2724 825 2801 4,12puteropntamdtaam.
845 2724 926 2781 Velis
936 2723 975 2783 el.
984 2722 1021 2794 V,
1039 2727 1109 2786 170.

93 2805 207 2866 Ilcindl.
224 2804 259 2865 ad
274 2807 341 2864 Ilor.
359 2818 412 2865 sat.
425 2807 446 2879 Ι,
461 2812 491 2877 l,
510 2813 580 2869 lll.
602 2810 707 2867 Libido
725 2811 817 2868 triecto
833 2827 942 2867 veneno
957 2820 1051 2868 mouet
1066 2810 1111 2868 in·

90 2894 223 2969 genium,
240 2893 258 2949 i.
274 2912 301 2950 e.
315 2889 399 2951 animi
415 2891 525 2953 indoles
549 2913 637 2972 prava
661 2892 799 2971 peccandi
822 2891 974 2971 cupiditate
997 2895 1112 2953 incitata

93 2979 291 3055 eouumpitur.
332 2979 423 3054 Tingi
435 2976 582 3048 dicuutur,
604 2998 676 3057 quae
692 2981 804 3058 penitus
820 2979 944 3038 colorem
967 2979 1111 3050 imbibunt,

94 3062 168 3143 quod
183 3062 218 3121 ad
238 3064 357 3121 animum
378 3082 466 3142 saepe
490 3064 676 3134 transfertur,
699 3065 739 3123 cl.
758 3064 827 3123 Seu.
842 3084 907 3142 epp.
923 3064 1057 3136 XXXVI,
1075 3070 1111 3128 d:

95 3148 180 3220 „Nou
195 3148 253 3219 illa,
267 3149 366 3226 quibus
379 3146 510 3226 pociundi
524 3150 593 3207 sutis
614 3159 669 3220 est,
687 3147 737 3207 sed
754 3149 835 3219 haec,
850 3150 949 3228 quibus
963 3147 1111 3227 tingendus

95 3245 140 3293 est
156 3231 297 3293 animus.“
320 3232 439 3293 Gravius
455 3236 596 3293 sententia
608 3237 745 3293 uirtutem
754 3237 876 3293 caueant
887 3237 925 3294 ita
937 3238 1112 3306 enuntiatur,

96 3322 225 3399 quamsi
251 3321 388 3398 particula
410 3339 472 3378 cum
506 3318 744 3398 praecedentibus
782 3323 1012 3398 coniungeretur.
1063 3324 1114 3380 In·

96 3407 260 3475 tabescunt,
276 3416 305 3462 ut
314 3404 429 3464 Ovidius
444 3405 524 3477 (Met.
538 3405 573 3478 ΙΙ,
591 3410 664 3476 780)
680 3403 715 3463 sle
731 3404 856 3464 Invidia:
879 3404 959 3477 „Sed
978 3405 1057 3465 videt
1070 3408 1113 3465 iu·

95 3500 204 3569 gratos,
223 3491 427 3569 intabescitque
444 3489 565 3550 videndo
582 3490 740 3550 Successus
756 3491 926 3550 hominum⁴
960 3491 1113 3551 Notissima

96 3589 127 3636 et
141 3595 194 3654 per
208 3587 294 3634 totam
309 3578 502 3654 antiquitatem
517 3576 662 3636 celebrata
677 3575 770 3634 labala
793 3588 840 3636 est
856 3576 890 3635 de
906 3588 1009 3648 tauro,
1032 3598 1113 3657 quem

96 3661 217 3721 Perillus
239 3660 380 3720 Phalaridi
401 3662 542 3733 coniecit,
568 3660 603 3720 de
618 3682 672 3741 qua
694 3665 810 3740 copiose
835 3673 956 3740 egerunt
976 3663 1114 3743 Bttttigcr.

97 3745 183 3807 Ideeu
197 3768 223 3805 z.
240 3767 266 3805 e.
288 3747 467 3825 Kunstmytlu.
484 3746 496 3805 I
511 3768 538 3825 p.
555 3751 616 3809 359
634 3769 695 3827 sqq.
720 3748 811 3807 Ebert
824 3750 928 3807 Σικελ.
953 3770 979 3827 p.
994 3753 1035 3810 tt
1051 3770 1113 3829 sqq.

96 3833 197 3911 Pauly,
211 3833 341 3890 Kunstbl.
365 3836 446 3894 1835
462 3850 490 3891 n.
508 3838 558 3894 57.
595 3832 760 3892 Noctuinus
781 3844 848 3891 uota
869 3833 985 3892 historia
1002 3832 1037 3893 de
1053 3838 1115 3894 lte-

96 3920 187 3977 nrocle
203 3917 331 3997 Dionysii
354 3919 482 3996 parasito
497 3927 552 3989 est,
568 3919 615 3997 qui
631 3939 693 3978 cunr
707 3939 724 3977 a
740 3918 878 3997 Dionysio
896 3921 1072 3997 expetiisset,
1086 3932 1116 3978 ut

96 4024 179 4063 nuum
194 4001 266 4061 dieru
282 4013 431 4082 tyrannum
449 4014 568 4081 ageret,
590 4005 616 4061 in
632 4025 738 4062 suururo
755 4005 922 4063 lautitiarum
938 4006 1049 4064 cumulo
1065 4025 1116 4065 en·

97 4110 157 4149 scm
177 4110 193 4148 e
215 4090 342 4147 lacunari
374 4098 437 4146 seta
459 4090 563 4169 equina
590 4102 682 4167 aptum
703 4110 788 4167 supra
816 4099 900 4167 caput
924 4111 1030 4150 summa
1053 4111 1114 4150 oum

97 4176 239 4234 anxietate
255 4173 481 4252 ponderavidi13
503 4175 540 4236 cl.
550 4175 610 4233 Cic.
625 4176 710 4233 Tusc.
723 4176 758 4245 V,
770 4180 812 4237 25
826 4175 863 4233 ΙΙ).
880 4175 951 4235 Dav.
966 4177 1115 4256 Wyttenb.

96 4258 132 4320 ad
149 4260 224 4319 Plut.
242 4260 274 4317 S.
291 4259 328 4318 N.
346 4260 385 4320 V.
399 4280 425 4336 p.
443 4263 493 4320 51.
531 4258 622 4339 lutpp.
639 4260 706 4319 Hor.
728 4281 816 4319 carm.
834 4261 880 4332 Ill,
899 4267 926 4334 1,
952 4269 1000 4324 17.
1041 4265 1116 4322 Par-

93 4365 207 4424 pnreoe
222 4347 350 4404 cerneres
364 4347 383 4402 i.
399 4364 425 4403 e.
440 4365 564 4424 purpura
578 4345 699 4415 indutas,
718 4360 746 4405 ut
755 4349 888 4425 purpurei
903 4344 1020 4427 tyranni
1031 4348 1114 4422 (Hor.

94 4451 181 4491 carru.
197 4432 218 4504 l,
235 4436 287 4502 35,
306 4435 367 4503 12),
381 4451 537 4510 purpureus
554 4453 654 4493 scurra
673 4432 741 4506 (lus.
758 4433 807 4505 tv,
823 4437 886 4503 ³1).
932 4435 1010 4493 lmus
1022 4453 1113 4513 prue-
