2574 5054
200 719 263 791 m
553 667 875 798 smum-m

202 897 267 956 lerit
282 900 325 970 (ut
340 890 402 955 dies
418 891 492 955 diam
506 892 610 968 trudit,
625 897 714 975 intpp.
729 894 845 955 Patron.
859 899 931 967 45),
953 905 986 954 et
998 913 1114 975 semper
1131 897 1225 975 purri-

201 984 259 1042 lum
282 982 343 1041 erit
360 982 461 1051 ultra,
488 999 634 1061 quousque
664 984 859 1061 processuris,
880 1000 995 1060 semper
1016 982 1140 1040 futurum
1165 982 1224 1041 erit

200 1067 249 1127 tilti
265 1086 347 1137 cras,
363 1066 401 1125 el.
417 1064 475 1124 loa.
492 1065 693 1146 chrysostom
707 1065 819 1127 XlXad
833 1087 901 1166 pop.
915 1065 1048 1126 Antioch.
1064 1087 1082 1125 a
1097 1065 1223 1125 Casaulr.

201 1150 348 1211 laudatus:
363 1146 423 1224 Μή
437 1170 491 1228 μοι
503 1147 585 1230 λέγε,
602 1147 647 1211 ὅτι
659 1147 735 1211 κατὰ
749 1173 870 1233 pisper,
882 1149 962 1256 quadr*
977 1149 1019 1221 εἰς
1036 1146 1091 1225 τὴν
1112 1145 1225 1233 αὔριον

201 1232 386 1316 tropeum,
403 1233 421 1309 ἡ
442 1231 502 1317 γὰρ
515 1231 624 1318 αὔριον
637 1232 779 1296 oridr'rrors
793 1232 1041 1314 tresenreuter.
1067 1235 1136 1295 llius
1151 1254 1224 1295 sen·

200 1325 315 1383 tantiam
332 1321 453 1380 illustrat
468 1322 589 1399 imagine
602 1331 702 1392 rotae,
717 1340 789 1401 quae
804 1322 931 1403 quamvis
946 1320 1096 1381 celerrima
1112 1331 1223 1390 currat,

201 1427 338 1487 unuquam
370 1406 507 1477 alteram,
534 1426 607 1486 quae
632 1402 663 1466 iu
685 1406 785 1466 eodem
808 1427 892 1466 curru
914 1408 993 1485 prior
1014 1417 1075 1479 est,
1104 1406 1223 1486 assequi

201 1503 313 1572 potest:
329 1492 366 1549 ita
382 1493 424 1562 is,
439 1492 486 1570 qui
501 1511 615 1571 semper
628 1493 656 1552 in
672 1494 823 1551 crastiuum
839 1490 912 1553 diem
928 1491 1056 1570 profert,
1079 1511 1223 1572 uunquam

201 1577 268 1637 illud
284 1596 365 1649 eras,
381 1575 453 1657 quod
469 1578 497 1635 in
513 1596 563 1636 ore
579 1576 681 1648 habet,
697 1579 867 1657 assequitur.
907 1578 1058 1653 Canthus,
1079 1575 1154 1657 qnod
1170 1596 1224 1636 vo-

201 1663 330 1723 cabulum
346 1661 494 1722 barbarum
509 1673 593 1721 vorat
608 1660 793 1735 Quintilianus
810 1663 844 1733 (l,
861 1667 891 1733 5,
906 1666 938 1734 8)
961 1664 1074 1740 proprie
1092 1662 1223 1722 ferreum

202 1748 300 1809 orbem
332 1747 488 1826 siguificat,
511 1760 571 1828 'quo
593 1759 655 1808 rota
679 1746 868 1807 circumdatur
890 1746 1015 1820 (Graeca
1036 1744 1222 1828 ἐπίσσωτρα,

203 1831 300 1892 Suluol.
316 1832 396 1891 llum.
411 1832 443 1892 tt.
459 1853 485 1904 s,
502 1837 575 1895 724.
592 1831 671 1892 Suid.
686 1833 850 1913 Etymav.
868 1829 1067 1914 ἐπίσσωτρα),
1081 1833 1120 1891 el.
1133 1830 1223 1890 Proh.

201 1916 236 1978 ad
252 1917 333 1996 Virg.
350 1916 456 1996 Georg.
472 1918 494 1990 l,
512 1922 584 1980 16³.
603 1915 730 1978 Diomed.
746 1917 784 1978 lll
799 1922 908 1998 p-474.
924 1916 1224 1996 elrlugustimpriur.

202 2004 268 2063 dial.
285 2013 305 2062 t.
321 2003 333 2063 l
347 2023 375 2083 p.
391 2006 453 2065 8l8
470 2002 540 2062 Ben.
562 2003 684 2063 Martial.
707 2003 786 2076 XIV,
809 2007 860 2074 68,
883 2003 928 2062 ltic
951 2022 1003 2081 pro
1018 2012 1081 2061 ruta
1096 2003 1223 2081 ponitur.

203 2088 303 2149 llotnm
325 2090 412 2167 igitur
433 2089 558 2167 quamvis
581 2109 669 2169 prope
692 2098 722 2147 te
743 2098 774 2148 et
796 2089 847 2148 sub
863 2108 919 2147 uno
935 2085 1090 2169 eodemque
1106 2097 1223 2146 temone

201 2193 268 2234 sese
289 2184 446 2235 vertentem
467 2174 573 2233 trustra
596 2174 773 2245 sectaberis,
800 2194 862 2234 eum
890 2175 1034 2251 posterior
1055 2182 1118 2232 rota
1139 2182 1171 2231 et
1193 2169 1224 2232 iu

202 2279 257 2319 axe
273 2258 398 2318 serundo
411 2278 527 2331 curras,
542 2259 588 2318 ulti
604 2260 673 2318 satis
688 2256 825 2320 audacter
837 2278 961 2340 persona
976 2278 1040 2319 cum
1053 2268 1135 2329 roto,
1150 2277 1223 2338 qun·

203 2364 265 2405 cum
280 2354 473 2422 eomparatur,
489 2344 603 2404 coaluit.

173 2456 189 2493 r
288 2450 315 2489 v.
331 2432 468 2492 73-90.
489 2430 642 2490 Libertate
656 2449 729 2509 opus
744 2440 807 2501 est,
832 2426 884 2490 sed
898 2448 986 2501 vera,
1000 2448 1054 2488 nou
1071 2446 1120 2499 ea,
1136 2447 1222 2509 quam

202 2517 245 2574 ius
259 2515 341 2575 civile
357 2513 421 2585 dat,
436 2525 466 2573 ut
482 2513 594 2574 Seneca
609 2517 648 2574 ait
663 2515 799 2596 (quaestt.
816 2525 873 2574 nat.
888 2514 926 2575 lll
941 2515 1032 2594 praei.
1040 2534 1068 2593 p.
1077 2517 1117 2576 89
1126 2513 1221 2593 Bip.):

202 2600 302 2672 „llaec
311 2600 518 2660 reseliicituon
531 2601 616 2660 eiure
628 2599 773 2673 Quiritium
782 2599 910 2671 liberum,
926 2598 977 2659 sed
987 2618 1003 2660 e
1013 2602 1073 2659 iore
1088 2610 1221 2658 naturae.

201 2685 290 2745 Liber
304 2695 397 2744 autem
413 2696 468 2757 est,
484 2684 529 2766 qui
546 2687 712 2746 servitutem
727 2685 825 2764 elingit
840 2687 915 2745 sui.“
929 2686 996 2744 Non
1006 2687 1074 2754 dur,
1091 2694 1136 2755 ut,
1153 2703 1221 2764 qua,

202 2771 297 2851 (quasi
312 2768 416 2830 dixerit
431 2772 486 2842 itu,
504 2776 546 2842 ut)
562 2772 725 2831 scabrosum
733 2768 793 2850 far
809 2771 954 2830 tesserula
968 2770 1119 2849 possidet,
1137 2770 1221 2847 quus·

202 2876 278 2936 que,
302 2857 459 2936 quicunque
476 2852 523 2930 (ad
539 2856 588 2927 IV,
604 2860 656 2928 28)
672 2857 794 2915 Publius
813 2858 939 2915 emeruit
959 2857 1075 2915 Velr'rru.
1108 2853 1161 2927 Qut
1184 2854 1221 2915 li·

200 2942 339 3002 lsartuteru
356 2951 456 3000 nactus
471 2951 552 3013 erat,
574 2945 715 3013 erneruit,
739 2942 763 3000 is
784 2961 955 3020 praenomen
971 2940 1130 3018 accipiebat
1144 2960 1172 2997 v.
1188 2959 1218 3000 e.

201 3026 302 3087 Publii
315 3034 355 3099 (v.
372 3030 442 3099 79),
458 3027 587 3086 attribui
602 3025 834 3098 adscribebatur3
866 3027 1001 3085 Velr'rrnm
1017 3025 1138 3104 exempli
1154 3025 1221 3084 loun

201 3112 299 3182 all'ert,
315 3123 346 3170 ut
360 3111 458 3171 llorat.
474 3131 538 3191 epp.
554 3112 576 3183 l,
593 3116 622 3183 6,
639 3117 689 3175 52.
719 3111 832 3171 Civibus
854 3121 947 3171 autem
962 3110 1150 3191 paoperibus,
1172 3111 1220 3189 qui

201 3197 255 3257 lroc
275 3196 414 3256 beneficio
435 3217 452 3256 a
474 3207 607 3275 praetore
630 3196 706 3275 digni
729 3195 939 3267 iudicabuntur,
964 3207 1076 3256 tessera
1099 3194 1222 3255 dabatur

201 3282 297 3356 (Suet.
313 3282 388 3361 Aug.
405 3286 456 3344 tt).
473 3281 533 3343 lus.
551 3282 614 3354 Vll,
632 3286 702 3344 174.
723 3282 857 3343 Thomas.
873 3280 909 3342 de
924 3292 994 3341 tess.
1011 3283 1093 3359 hosp.
1108 3301 1134 3340 r.
1153 3284 1220 3360 16),

200 3368 494 3511 qqasprolalta'eelqtis
517 3366 615 3511 dilppus
630 3365 821 3515 slugenldmp
836 3367 1079 3511 aeciplipelpputhtci.
1095 3365 1219 3509 Cupauo.

200 3472 217 3512 a
282 3463 340 3512 oet.
367 3494 375 3510 .
401 3493 410 3510 .
459 3472 511 3531 rps.
572 3463 640 3512 σοι).
668 3494 678 3522 ,
715 3494 723 3510 .
796 3463 877 3511 nter.
925 3497 933 3511 .
980 3473 1013 3511 ee
1036 3463 1133 3530 tegere
1156 3492 1164 3510 .
1191 3471 1220 3530 p.

200 3542 263 3600 247
278 3543 355 3617 sq),
377 3539 472 3617 itaqua
494 3537 623 3617 permulti
646 3555 734 3615 saepe
750 3537 1032 3607 manumittebantur,
1052 3547 1083 3595 ut
1097 3536 1151 3595 hoe
1166 3535 1220 3596 be-

200 3622 301 3682 uelirio
317 3623 487 3690 fruerentur,
502 3621 586 3682 Dion.
602 3622 664 3683 llal.
681 3623 729 3694 lV,
744 3626 795 3685 24.
811 3622 866 3682 llio
882 3622 914 3681 C.
930 3621 1067 3694 XXXIX,
1078 3624 1132 3684 24.
1157 3619 1219 3681 lloe

201 3708 386 3779 frumentum,
410 3705 483 3788 qnod
506 3708 569 3768 sine
592 3705 753 3767 discrimine
775 3727 881 3767 merum
901 3709 976 3767 inter
997 3708 1074 3767 cives
1089 3705 1220 3766 distribui

200 3803 280 3852 notat
296 3792 407 3852 Seneca
424 3789 532 3865 (beuel.
548 3792 679 3865 1V,28),
693 3792 858 3852 scabrosum
868 3791 930 3872 ser
947 3792 1106 3852 contemtiur
1122 3802 1219 3863 vorat,

200 3888 232 3938 ut
246 3876 318 3957 apud
335 3878 430 3937 loven.
445 3878 467 3937 1.
484 3878 503 3936 Ι.
518 3878 581 3937 vilis
597 3878 729 3937 immenti
744 3889 857 3938 tessera
871 3877 982 3937 dieitur.
1009 3879 1077 3937 Heu
1098 3878 1220 3937 steriles

201 3964 269 4023 ueri
282 3963 333 4037 (ci.
348 3962 424 4021 Vell.
439 3962 461 4034 l,
479 3967 557 4033 ta‚3
574 3962 728 4023 liberalium
744 3962 897 4022 studiorum
913 3962 1039 4023 steriles.
1063 3961 1135 4021 Tae.
1150 3961 1218 4022 laist.

202 4047 224 4120 l,
240 4050 289 4120 3),
312 4049 416 4126 quibus
438 4067 496 4106 unu
511 4051 625 4127 unago
637 4047 723 4126 serit
738 4050 899 4124 Quiritem,
925 4050 1004 4107 ouius
1019 4069 1047 4107 v.
1064 4047 1219 4126 singularis

200 4151 347 4208 uumerus,
370 4152 534 4213 quamquam
558 4132 724 4194 exderreto
745 4135 992 4213 grammaticorum
1012 4133 1078 4212 poni
1094 4152 1149 4192 uon
1165 4130 1226 4193 de·-

199 4217 296 4287 lebat,
311 4228 404 4276 tomen
420 4217 494 4276 haud
510 4221 607 4296 paneis
622 4219 694 4279 loeis
709 4219 824 4297 legitur,
839 4240 866 4277 v.
876 4217 992 4278 Litblter
1007 4216 1117 4277 adllor.
1129 4236 1218 4277 earm.

201 4301 222 4374 l,
238 4307 269 4374 7,
285 4306 314 4364 3.
344 4301 481 4374 Quiritem
495 4323 565 4363 vero
581 4301 652 4364 tacit
665 4305 791 4382 vertigo,
813 4304 878 4384 quia
893 4305 1074 4363 manumissio
1089 4322 1143 4383 per
1156 4304 1220 4361 viu·

201 4386 320 4459 dictam,
343 4407 415 4468 quoe
436 4389 481 4450 ltic
495 4389 686 4469 significatur,
705 4390 818 4469 planum
841 4391 884 4450 ius
899 4391 1024 4451 civitatis
1039 4384 1141 4459 dabat,
1163 4409 1220 4448 nou
