2574 5054
456 727 821 795 tttotsuottsrtt.
984 755 986 760 ·
1059 753 1149 799 nm

138 900 181 967 sed
199 901 336 967 fimatur
357 900 475 986 potins,
497 899 636 986 quamvis
665 900 704 966 ad
728 900 909 986 explicanda
928 897 1032 967 Persii
1051 901 1148 968 verba

137 1003 175 1070 lic
192 1004 255 1070 illie
276 1004 356 1069 lalso
379 1003 498 1069 detorta
518 1003 573 1070 sit.
601 1000 743 1069 Omnium
765 1003 898 1068 maxine
921 1001 978 1069 buc
1001 1006 1145 1090 pertinet,

134 1109 198 1192 pand
220 1109 253 1173 in
275 1106 341 1172 vita
363 1116 524 1186 canatur,
544 1103 685 1171 Persium
705 1105 764 1171 sibi
784 1109 880 1191 primo
906 1125 980 1170 mox
1008 1106 1147 1172 omnibus

133 1211 295 1277 detraxisse
317 1229 386 1275 cn·
409 1217 495 1273 tanta
514 1208 720 1275 recentiorum
750 1219 906 1293 poetarum
933 1217 966 1272 et
991 1218 1146 1274 oratorum

130 1313 348 1390 insectatione,
371 1320 405 1375 ut
426 1311 516 1378 ctiam
537 1308 696 1377 Neronem
716 1311 896 1394 culpaverit.
925 1306 1001 1375 Inde
1026 1307 1147 1376 Cornu--

130 1425 181 1478 ιιι
210 1433 338 1479 versum
365 1413 453 1479 ιιιιι
481 1411 646 1479 buticulas
673 1413 753 1479 asini
776 1410 860 1477 Mida
884 1434 944 1478 rex
966 1411 1074 1492 babet,
1103 1414 1146 1480 ita

129 1528 274 1592 nutasse,
298 1526 333 1580 ut
354 1535 435 1582 nanc
456 1512 587 1602 legitur,
610 1516 690 1600 quod
710 1515 977 1581 invenituretiam
997 1515 1028 1580 in
1045 1517 1143 1582 schol.

130 1618 173 1702 (ad
187 1643 220 1684 v.
238 1614 332 1702 120).
355 1615 443 1682 flanc
459 1618 684 1698 narrationem,
707 1618 734 1683 si
749 1629 834 1684 recte
849 1617 1054 1704 intelligatur,
1072 1619 1147 1684 nihil

130 1718 235 1786 babere
250 1721 284 1784 in
299 1740 354 1798 se,
377 1721 457 1804 quod
472 1720 623 1798 offendat,
647 1721 791 1786 monitum
814 1731 863 1786 est
883 1720 913 1786 in
929 1722 1145 1786 commentario

130 1824 164 1908 (p.
188 1821 291 1904 113),
328 1825 387 1887 n'ec
414 1833 547 1888 extersa
573 1835 774 1909 argumento,
812 1844 888 1907 quac
918 1825 1036 1910 prolata
1061 1835 1144 1905 sunt,

130 1926 243 1989 nultum
265 1923 392 2003 valere,
420 1924 588 1993 videbimus
609 1926 642 1991 in
665 1927 867 2012 disputetione
895 1927 933 1991 de
962 1927 1145 1992 auctoritato

131 2026 208 2092 luins
222 2028 321 2093 vitae.
355 2025 409 2091 tx
423 2026 469 2092 bis
485 2029 622 2094 omnibus
637 2040 779 2115 apparet,
796 2028 875 2112 quod
890 2029 1029 2093 traditum
1046 2040 1094 2094 est
1108 2029 1145 2095 de

131 2127 250 2194 Nerone
279 2131 388 2199 borum
409 2153 552 2199 somnum
573 2142 720 2211 auctore,
747 2154 809 2197 non
832 2143 949 2197 tencre
979 2152 1048 2196 esse
1074 2129 1145 2196 reii-
1207 2122 1209 2127 ’

131 2232 277 2299 tiendum.

203 2336 347 2403 Nero¹
374 2337 560 2403 carminibus
588 2336 756 2422 pangendis
783 2336 886 2402 inesse
907 2336 966 2401 sibi
995 2337 1145 2401 elementa

131 2439 281 2506 doctrinae
298 2439 479 2505 ostendebat
494 2440 588 2520 (Tae.
604 2440 690 2504 Αιι.
707 2436 800 2518 ΧΙΙΙ,
818 2438 872 2524 3),
897 2450 928 2503 ot
948 2439 986 2503 ad
1011 2440 1145 2503 carmina

131 2560 247 2623 pronum
269 2562 338 2607 eum
361 2543 495 2607 carmina
514 2542 645 2608 libenter
664 2564 701 2607 ac
722 2542 791 2607 sine
812 2542 917 2606 labore
940 2542 1144 2626 composuisse

133 2655 227 2708 narrat
243 2640 410 2709 Suetonius
425 2643 520 2722 (Ner.
537 2643 605 2727 52).
633 2643 718 2709 Idem
735 2664 801 2708 cum
817 2644 868 2708 alii
882 2645 1052 2722 referrent,
1077 2665 1145 2709 eum

133 2745 221 2811 abens
244 2766 299 2831 pro
321 2747 384 2811 suis
406 2747 601 2825 venditasse,
632 2748 747 2812 refutat
771 2746 827 2810 boo
849 2747 1018 2825 affirmans,
1048 2765 1083 2811 se
1113 2745 1145 2809 iu

134 2850 257 2914 nauibus
274 2848 418 2914 babuisse
433 2850 499 2913 eius
513 2849 677 2934 pugillares
699 2871 765 2913 cum
787 2847 962 2932 quibusdam
979 2848 1144 2913 notissimis

135 2950 261 3016 uersibus
291 2949 386 3034 ipsius
414 2950 614 3037 chirographo
636 2952 776 3036 scriptis,
805 2962 838 3015 ut
859 2951 949 3015 facile
971 2958 1144 3034 appareret,

138 3069 187 3112 non
205 3053 390 3129 translatos,
420 3063 473 3117 aut
494 3053 627 3119 dictante
653 3053 752 3137 aliquo
779 3064 945 3138 exceptos,
974 3052 1027 3116 sed
1055 3052 1145 3135 plano

139 3153 209 3231 quasi
230 3176 251 3220 a
269 3155 424 3238 rogitante
446 3166 535 3238 atque
558 3166 727 3240 generante
748 3166 910 3233 exaratos,
934 3154 982 3237 ⁸ita
1007 3154 1099 3217 multa
1116 3163 1147 3216 et

141 3251 224 3320 deleta
239 3268 271 3321 et
285 3257 409 3323 inducta
425 3269 456 3322 et
470 3258 674 3342 superscripta
690 3258 797 3321 luisse.
830 3253 947 3338 Quibus
963 3255 1065 3320 verbis
1082 3254 1146 3318 Ta·

143 3355 215 3420 citum
230 3360 353 3424 videtur
366 3361 559 3443 respexisse,
583 3360 632 3443 qui
655 3368 760 3423 narrat
779 3360 880 3441 (Αιι.
898 3357 990 3435 xlv,
1009 3355 1064 3439 16)
1080 3354 1146 3420 Ne·

143 3476 249 3539 mnam,
280 3483 347 3527 cum
378 3463 544 3527 carminum
575 3462 707 3527 studium
735 3462 925 3541 affectasset,
959 3458 1145 3536 adhibuisse,

143 3560 230 3640 qubus
250 3564 350 3647 aliqua
372 3563 522 3647 pangendi
544 3565 690 3640 facultas,
715 3585 773 3628 nec
797 3573 898 3628 tamen
920 3562 1049 3645 insignis
1071 3560 1147 3624 artis

144 3664 243 3728 notitia.
267 3664 333 3731 ttos
349 3687 416 3732 curn
432 3687 469 3730 eo
486 3666 662 3732 consedisse
677 3676 710 3731 ct
723 3666 833 3731 allatos
848 3665 897 3730 vel
917 3665 1027 3729 ibidem
1042 3682 1145 3748 reper-

144 3771 178 3829 ιιι
197 3788 303 3832 versus
325 3769 549 3845 connexuisse,
579 3778 669 3852 atque
684 3767 784 3853 ipsius¹
798 3767 893 3833 verba
916 3788 1033 3852 quoquo
1056 3764 1146 3828 modo

165 3986 227 4041 Nero
244 3996 332 4042 ιιιιοιι
349 3990 454 4057 scripsit
471 4005 575 4042 carmen
593 3990 745 4057 probrosum
763 3991 789 4042 in
809 3989 925 4041 Clodium
943 3988 1082 4042 Pollionem
1093 3994 1149 4040 tur·

230 4060 332 4121 virum,
356 4059 431 4109 cuius
448 4059 542 4110 titulus
563 4059 659 4111 Luscio
677 4067 751 4122 erate
771 4060 872 4126 quidsi
892 4060 938 4110 boc
957 4059 982 4110 in
1000 4065 1085 4110 menta
1104 4057 1148 4109 ba·

181 4128 248 4177 nisse
266 4127 384 4179 Persium
402 4129 626 4193 grammaticorum
645 4130 703 4195 quis
720 4130 823 4196 putavit
842 4128 886 4193 (cl.
901 4126 973 4178 Soet.
987 4126 1060 4178 Donn.
1076 4125 1123 4191 l)t

141 4224 200 4279 lCl.
217 4229 331 4282 lisimas.
351 4230 383 4280 ad
402 4229 479 4282 Ilion.
499 4231 573 4282 Cass.
592 4229 674 4294 txtt,
693 4232 736 4283 2⁹.
757 4232 897 4282 Burmann.
916 4229 997 4283 lintb.
1017 4227 1102 4281 tant
1122 4244 1147 4295 p.

164 4298 220 4351 lbl.
256 4298 422 4351 Warnrdorl.
447 4298 529 4351 Pcett
554 4300 625 4352 Latt.
651 4301 714 4351 min.
741 4308 761 4351 t.
789 4299 825 4351 tv
847 4316 871 4366 p.
901 4300 950 4351 tto
966 4315 1006 4366 sq.
1041 4298 1147 4349 Passov.

166 4382 188 4430 p.
207 4368 326 4435 tsosqq.
361 4368 442 4429 llald,
462 4370 520 4419 add.
542 4371 573 4420 ad
591 4371 644 4421 litt.
665 4369 735 4420 lion.
755 4370 817 4420 bist.
843 4368 971 4435 p.18sq.
1004 4366 1147 4426 Weicbert,

166 4433 236 4489 Casa.
257 4439 324 4503 Aug.
345 4437 402 4491 rell.
423 4453 448 4505 p.
469 4438 587 4506 dblsqq·
607 4438 738 4502 Welclnr,
758 4437 863 4490 Griecb.
882 4436 960 4503 'lt-eg.
982 4454 1004 4503 p.
1026 4435 1102 4489 1463.
