2574 5054
410 789 776 854 Puuluuooluus.
1000 812 1106 860 orem

75 959 228 1026 Continet
243 957 419 1024 iuvenalem
435 970 467 1024 ot
482 957 638 1036 Porsiom3
655 960 686 1023 in
701 959 788 1024 huius
804 961 863 1024 lino
878 958 1021 1045 scriptum
1037 972 1102 1026 est:

74 1061 228 1147 Explicit
247 1063 378 1145 ignotus
394 1082 458 1146 per
479 1070 576 1126 totum
599 1063 731 1127 Persius
753 1062 870 1125 orbem.
894 1062 961 1126 Deo
976 1065 1105 1149 gratius
1185 1108 1188 1115 -

77 1161 175 1229 1476.
191 1163 213 1229 9
227 1163 404 1229 Februarii.
437 1160 561 1228 Contuli
576 1186 606 1228 a.
625 1161 708 1229 1837
727 1171 749 1226 ¹.

335 1364 445 1418 Codices
463 1366 634 1421 bibliothocae
660 1368 850 1422 Bormonis.

166 1466 246 1534 Coti.
265 1490 296 1531 u.
314 1466 390 1548 257,
415 1469 483 1532 olim
506 1467 670 1554 Bongarsii
687 1471 736 1553 (Β
752 1471 818 1556 1.),
843 1469 1105 1548 membranaceus,
1124 1477 1148 1528 B
1168 1479 1190 1528 l.

77 1591 164 1636 saso.
182 1569 228 1636 X.
259 1569 395 1655 Egregie
417 1571 548 1656 scriptus
572 1582 638 1650 est,
664 1574 820 1657 perpaucis
842 1573 1009 1657 scripturae
1024 1593 1102 1636 oom-

78 1673 216 1759 peudiis,
241 1683 273 1736 ut
294 1693 324 1754 q.
352 1694 494 1759 -que,
528 1659 589 1736 η’ἦι
609 1684 795 1752 —nostru,
833 1661 859 1737 ιῖ
875 1709 917 1722 -
938 1694 1005 1751 om,
1035 1673 1103 1736 sim.

78 1771 178 1839 Deest
207 1774 275 1839 hoio
306 1775 404 1839 oodioi
435 1774 537 1838 lolium
568 1787 725 1859 quartum,
749 1777 780 1839 io
810 1796 868 1858 quo
890 1775 994 1860 scripti
1018 1784 1107 1840 eraut

80 1871 353 1954 too-ltus.
396 1873 479 1941 Usus
502 1897 540 1940 eo
563 1877 691 1941 estium
715 1873 933 1954 casaubonus,
966 1876 1016 1962 qui
1037 1898 1106 1961 por·

79 1979 222 2062 antiquas
246 1977 406 2043 clarissimi
427 1979 485 2043 viri
508 1974 609 2042 iacobi
630 1977 781 2062 Boogarsi
805 1978 996 2044 membranas
1016 1989 1109 2043 vooat

80 2078 134 2165 (ao
158 2076 366 2164 prol.4521.),
404 2091 436 2144 et
456 2081 556 2164 magui
579 2081 739 2161 aestimat3
766 2082 856 2145 otiam
880 2081 951 2145 mihi
973 2100 1107 2145 summae

80 2182 272 2246 auctoritatis
295 2181 362 2244 luit.
394 2178 494 2245 Habet
515 2182 546 2245 in
569 2181 670 2265 primis
691 2184 787 2247 tribus
804 2183 883 2247 loliis
898 2183 1013 2248 scholia
1028 2204 1107 2247 mar-

79 2283 211 2369 gisala,
235 2303 312 2367 quaa
334 2303 400 2346 oum
424 2279 553 2347 Cornuti
574 2286 735 2348 maximam
758 2297 872 2369 partem
897 2285 1106 2363 consentiunt,

80 2407 140 2450 ooo
163 2386 321 2469 quidquam
346 2385 419 2448 novi
440 2385 588 2462 afferunt,
612 2397 771 2470 praeterea
795 2385 906 2452 breves
926 2388 1044 2469 glossas
1060 2387 1107 2450 io-

80 2487 264 2552 torlinoarss
286 2496 318 2551 ot
340 2486 421 2570 ipsas
443 2488 578 2571 vulgaris
601 2489 758 2553 doctrinae
778 2496 791 2530 ²
811 2511 829 2552 a
851 2510 942 2553 manu
970 2490 1106 2554 secunda

79 2589 213 2666 additos,
230 2609 306 2672 quas
323 2599 422 2653 umen
438 2611 521 2653 saoc-
537 2586 586 2654 XI
604 2590 705 2653 iunior
720 2611 789 2655 osso
806 2612 866 2654 uon
882 2591 1014 2669 videtur,
1037 2589 1106 2654 illoo

81 2691 386 2769 commemorandae,
411 2692 488 2775 quod
514 2692 545 2755 io
567 2692 605 2755 iis
621 2693 700 2757 haud
715 2714 830 2776 paucae
845 2715 897 2758 vv.
914 2694 947 2758 ll.
964 2702 1106 2758 servatae

81 2803 166 2858 suot.
198 2790 311 2856 Harum
328 2794 404 2858 haec
421 2795 560 2878 exempla
576 2805 685 2858 sunto:

250 2913 316 2979 prol.
335 2913 523 2980 iprodirom,
543 2915 584 2965 val
601 2916 762 2981 proeliorum.

250 2997 315 3065 prol.
336 3001 350 3049 5
369 2999 508 3064 relinquo,
526 3004 656 3064 remitto,
675 2998 798 3051 concedo.

250 3083 314 3150 prol.
336 3083 481 3149 Voouoro',
501 3084 542 3135 vol
561 3083 688 3136 blandiri.

250 3168 316 3235 prol.
338 3167 368 3222 lo
385 3170 485 3233 molor,
510 3169 675 3221 dulcedinum
693 3173 842 3235 muricum,
868 3168 909 3220 vol
934 3172 1036 3232 nostor,

707 3254 882 3306 duloadr'uom.

251 3338 295 3402 lV,
314 3340 347 3393 37
366 3345 446 3405 tuno,
465 3341 507 3392 val
529 3346 568 3392 lu.

252 3423 285 3484 V,
305 3427 339 3480 26
356 3427 400 3476 llic
408 3463 418 3488 ,
436 3427 480 3477 vol
497 3427 548 3476 lio.

251 3509 285 3574 V,
306 3511 337 3563 57
354 3511 414 3573 llio,
433 3511 475 3561 vel
492 3512 535 3574 Μς
555 3510 693 3576 indulget,
713 3510 755 3560 vel
771 3517 846 3576 gont.

253 3593 285 3658 V,
306 3595 338 3647 58
352 3599 462 3661 putris,
481 3595 522 3646 val
539 3600 646 3662 putro't,
657 3598 697 3660 stt
710 3599 821 3647 sommis.

254 3677 287 3741 V,
307 3681 339 3732 59
349 3680 490 3746 fregerit,
509 3681 551 3731 vel
561 3682 674 3746 socom.

253 3764 285 3830 V,
305 3765 338 3818 7⁸
356 3769 502 3831 temporis,
521 3766 564 3816 vel
581 3767 709 3817 turbinis.

255 3849 288 3914 V,
307 3852 341 3903 84
361 3854 429 3916 sim,
448 3852 491 3903 val
508 3866 577 3903 sum.

256 3935 288 4000 V,
308 3936 356 3988 lto
375 3942 560 4002 contemptus,
579 3937 620 3988 vol
639 3942 789 3989 coutantur.

255 4021 289 4086 V,
310 4022 354 4074 lll
377 4021 413 4071 ad
429 4037 540 4084 nouom,
559 4021 599 4073 vol
617 4022 655 4073 ud
670 4039 760 4074 naues.

255 4104 288 4168 V,
310 4105 357 4158 163
375 4105 522 4171 arrodens,
541 4107 619 4159 aliter
636 4107 775 4160 aurodona.

87 4279 98 4331 l
121 4276 275 4357 ligoqoodd.
301 4291 358 4326 aum
382 4282 455 4327 texta
478 4275 624 4327 casauboni
647 4277 762 4340 contuli,
788 4276 831 4328 ubi
859 4277 923 4327 nihil
948 4278 979 4329 llo
997 4277 1110 4328 olitiooo

85 4353 277 4480 2111111111ξέ
280 4350 344 4463 ε11οο
370 4414 450 4476 hoba,
478 4413 521 4463 obi
540 4413 598 4462 aovi
624 4412 685 4478 quid
710 4412 794 4464 allart.
825 4412 869 4477 Vl,
894 4413 938 4466 28.
958 4412 1111 4463 Bruttio

122 4498 213 4534 soora
220 4518 231 4545 ,
248 4486 275 4533 iu
295 4483 392 4548 quibus
412 4483 514 4535 Brutus
530 4487 676 4547 soporatur
693 4487 744 4532 est.
