2574 5054
128 694 206 792 sau
447 712 821 786 resurrecturum

129 887 267 951 emmim
287 880 451 969 ostingam
481 883 527 950 Et
547 896 609 953 tunr
630 885 768 970 sequitur
780 905 906 971 parvm
921 904 1072 965 etmulti,
1086 904 1146 968 quc

128 986 325 1073 exprimitur,
348 988 498 1053 nemiuem
513 985 636 1057 ludicris
656 986 800 1067 artibus,
814 987 869 1055 sed
891 987 1011 1053 severis
1031 997 1147 1061 tantuna

127 1111 165 1156 ac
192 1088 341 1156 diuturnis
363 1090 472 1156 studiis
492 1091 531 1157 ad
554 1091 723 1164 litterarum
744 1110 848 1155 arcent
874 1090 1051 1174 pervenire.
1079 1087 1148 1154 linc

128 1203 229 1259 sutem
249 1202 372 1259 constat
393 1192 620 1276 quatuordecim
640 1213 705 1259 vsu.
730 1191 936 1270 hexametris,
963 1212 1040 1276 ppos
1061 1211 1148 1277 pree·

127 1296 240 1361 cedunt
260 1306 335 1360 octe.
353 1293 555 1360 uboliambici.
586 1290 685 1359 Vides
705 1295 737 1359 iu
757 1293 856 1366 simili,
869 1293 1019 1370 materia,
1042 1293 1148 1358 eudem

126 1409 291 1465 metrorum
308 1397 520 1463 coniunctione
540 1396 585 1460 uti
603 1395 782 1466 Petronium
803 1416 840 1463 ac
865 1394 1027 1472 Persium,
1058 1405 1148 1478 atque

127 1501 230 1565 addito
245 1499 355 1567 Lucilii
371 1501 512 1580 nomine,
533 1519 626 1583 quare
642 1499 718 1569 milri
728 1499 846 1582 quidem
860 1499 893 1563 iu
909 1500 965 1570 bae
980 1519 1097 1582 quoque
1113 1519 1149 1564 re

128 1600 278 1669 Lucilium
294 1616 417 1669 secutus
433 1624 502 1669 esse
517 1603 639 1668 videtur
652 1598 778 1666 Persius
798 1609 822 1663 ¹.
856 1599 996 1685 Denique
1018 1602 1150 1666 alterum

129 1726 245 1789 quoque
261 1704 377 1790 primae
388 1707 500 1770 satirae
514 1706 614 1771 locum
629 1704 747 1774 nutavit
761 1703 857 1771 subul.
874 1701 918 1789 (l,
933 1704 1010 1783 27),
1034 1702 1086 1786 qni
1107 1724 1150 1767 ex

128 1806 252 1872 Lucilio·
263 1827 428 1891 expressus
443 1808 495 1872 sit.
520 1804 707 1890 Quamquam
720 1805 814 1891 igitur
826 1805 859 1869 iu
874 1805 930 1871 bae
943 1804 1040 1889 prima
1055 1804 1151 1871 satira

126 1909 158 1972 iu
174 1905 295 1974 Luciliu
310 1908 454 1976 inritando
468 1909 602 1975 studium
616 1909 754 1994 posuisse
769 1907 909 1986 videtur,
926 1942 970 1954 -
984 1917 1018 1974 et
1030 1907 1149 1972 videbi-

127 2031 193 2077 mus
208 2010 309 2089 inira,
331 2012 464 2076 numium
478 2013 610 2079 maxime
626 2032 692 2078 esur
707 2010 746 2075 ad
763 2007 953 2077 Lucilianum
969 2009 1151 2075 charactera

126 2113 295 2193 accedere,
312 2150 355 2160 —
374 2124 475 2179 tamen
496 2115 528 2180 in
551 2114 727 2180 uuiversum
746 2111 894 2179 statuenti
907 2132 1054 2179 summanr
1068 2111 1151 2177 iuter

126 2226 285 2301 auumque
310 2214 519 2281 diversitatem
545 2214 738 2283 intercedere
760 2224 903 2298 appareat
929 2234 1059 2280 necesse
1087 2223 1149 2291 est,

127 2330 160 2385 et
172 2316 298 2385 Persius
313 2319 356 2382 ita
370 2318 558 2403 potissimum
573 2339 642 2383 eum
661 2329 784 2385 secutus
799 2317 1022 2397 essevidetur,
1044 2327 1080 2382 ut
1101 2317 1149 2380 in·

127 2442 226 2506 genus
250 2421 315 2491 eius
334 2420 457 2487 virtutis
482 2441 586 2486 amere
607 2430 640 2486 et
665 2441 741 2505 erga
767 2418 864 2485 mains
891 2420 1009 2484 inlestu.
1033 2420 1148 2495 animm

128 2543 203 2606 quos
224 2544 339 2592 sturme
362 2544 429 2589 cum
451 2523 593 2590 libertate
613 2523 800 2606 castigabat,
831 2522 880 2587 cui
901 2532 1063 2607 cognatum
1084 2521 1150 2586 ani·

127 2646 207 2689 mum
229 2647 315 2694 suum
338 2624 508 2704 sentiebat,
532 2625 571 2691 ad
592 2626 701 2691 satiras
731 2624 958 2690 incenderetur.
1000 2624 1046 2689 Ar
1074 2644 1150 2690 veru

127 2722 264 2795 Lucilius
286 2727 355 2791 iude
370 2748 389 2791 a
404 2728 560 2794 iuventute
575 2725 693 2795 inbelli
709 2729 849 2813 pacisque
872 2726 1003 2812 negotiis
1024 2726 1152 2791 multum

128 2837 287 2905 versatus,
311 2830 435 2894 summis
450 2829 632 2915 reipublicae
648 2828 771 2897 ducibus
791 2831 926 2909 amicus,
945 2831 983 2896 iis
1006 2828 1150 2914 tempori·

127 2929 184 2997 tus
205 2929 297 2995 vitam
321 2931 449 3015 agebat,
474 2953 550 3016 quae
574 2954 752 3016 quamquam
776 2933 909 2999 muribus
924 2933 984 2997 mur
999 2931 1151 3014 corruptis

130 3032 248 3100 dubium
265 3034 451 3112 excitarunt,
470 3055 510 3097 an
525 3033 597 3099 urbs
611 3033 711 3100 Roma
726 3046 853 3101 aeterua
867 3035 969 3100 futura
984 3044 1080 3111 esset,
1105 3043 1150 3097 ta·

128 3158 199 3201 men
221 3135 346 3201 liberam
368 3136 514 3202 videbant
534 3136 747 3221 rempublicam
775 3149 806 3202 et
833 3139 1010 3221 vigentem
1041 3144 1150 3199 contra

128 3235 255 3306 Persius
283 3237 406 3302 scholae
434 3239 466 3301 iu
489 3238 593 3303 umbre
616 3239 765 3317 nutritus,
789 3260 806 3302 a
835 3238 988 3325 republica
1015 3238 1149 3317 alienus,

129 3361 216 3423 quam
239 3360 415 3424 oppressam
439 3341 514 3406 vidit
535 3342 628 3426 longa
649 3343 707 3406 iam
731 3353 928 3429 tyrannorum
950 3341 1051 3419 serie,
1082 3362 1150 3405 cunr

129 3442 249 3526 optimis
273 3443 346 3507 viris
368 3443 400 3507 in
421 3445 538 3509 stoicae
559 3443 764 3529 philosophiae
779 3444 878 3530 adytis
893 3443 1041 3527 refugium
1058 3463 1151 3526 quae·

129 3645 239 3733 ciplina
261 3667 373 3715 severa
396 3649 481 3714 triste
505 3671 521 3715 a
545 3647 657 3714 Lucilii
680 3649 845 3715 festivitate
866 3647 1045 3731 iucundique
1059 3646 1151 3711 liber·

129 3758 211 3826 tate,
244 3769 331 3833 quam
352 3751 384 3815 in
407 3771 445 3816 eu
468 3751 592 3816 laudant
615 3752 732 3837 antiqui
760 3753 817 3833 (ci.
840 3749 1008 3816 Heusdiunr
1030 3749 1052 3813 l.
1077 3749 1096 3812 i.
1118 3770 1148 3833 p.

129 3849 171 3918 85
187 3851 283 3938 sup).
313 3848 418 3937 ltaque
433 3874 535 3918 sermo
549 3854 660 3932 huius,
685 3854 734 3939 qui
749 3852 831 3919 facili
845 3853 968 3938 iugenio
983 3861 1150 3937 promptus,

164 4055 311 4113 normulis,
335 4057 417 4104 olium
436 4057 463 4104 r'u
477 4059 548 4120 islo,
568 4060 654 4107 utar‘t
676 4055 813 4120 Lucilius,
839 4054 944 4106 seledo
969 4057 996 4104 ul
1014 4051 1152 4104 amarico

166 4121 344 4184 experimini,
363 4137 397 4172 uu
416 4123 485 4173 r'dcm
503 4128 555 4175 sim
574 4128 747 4192 repentinus,
767 4128 816 4191 qui
826 4126 1018 4190 praeparatus.
1058 4119 1151 4172 Lucilii

167 4188 247 4238 verba
269 4187 391 4239 babuisse
414 4191 519 4242 videtur
542 4192 613 4244 Fest.
633 4208 654 4244 s.
676 4209 702 4245 v.
722 4193 863 4257 acladius,
886 4192 960 4243 cuius
978 4189 1058 4242 verbu
1078 4189 1153 4241 nimis

166 4258 253 4309 lacera
270 4262 346 4319 sunt,
364 4273 440 4324 quum
457 4267 487 4310 ut
503 4267 575 4312 certo
592 4264 696 4326 agnosci
714 4269 820 4329 querat.

134 4345 145 4397 l
166 4342 207 4396 Cf.
232 4343 264 4394 de
287 4342 401 4394 Petronii
426 4343 481 4395 loco
506 4360 555 4397 vau
581 4345 681 4400 lleusde
706 4349 737 4412 (l.
758 4349 776 4401 1.
795 4366 820 4417 p.
839 4348 888 4402 tlt
903 4347 968 4414 etp),
1001 4344 1046 4413 qui
1071 4343 1152 4396 Persii

166 4429 214 4463 uon
232 4428 326 4464 mentor
345 4411 403 4464 luit.
