2574 5054
376 825 746 892 Paotuuottuttt.
957 854 1070 898 xxxvrr

79 992 221 1080 disciplina,
244 996 368 1080 utrique
392 999 578 1078 communis,
609 999 711 1065 effecit
730 1011 764 1064 ut
786 1003 952 1084 permulta,
976 1025 1069 1087 quan-

76 1099 160 1162 tonrls
181 1100 302 1163 diversa
323 1101 446 1185 speeie,
483 1120 524 1164 ex
551 1102 657 1166 eodem
688 1102 774 1167 lonte
803 1115 894 1183 nata,
923 1124 1069 1170 summam

72 1197 134 1264 inter
155 1213 312 1284 utrumqne
339 1202 567 1267 similitudinem
597 1215 808 1289 procrearent.
853 1203 963 1288 Neque
993 1227 1069 1272 vero

71 1299 125 1366 illud
145 1305 249 1387 negari
271 1315 393 1389 potest,
424 1325 480 1369 eos
507 1304 540 1368 in
567 1304 668 1370 multis
699 1305 791 1370 rebus
818 1327 880 1370 uno
904 1308 1069 1392 eodemque

70 1406 136 1487 mo
162 1405 271 1491 spiritu
298 1407 418 1471 albatos
446 1405 559 1485 luisse,
598 1419 631 1473 et
657 1408 804 1493 temporis
833 1407 879 1471 sni
909 1430 1010 1474 mores
1041 1418 1072 1472 et

68 1507 124 1572 ritis
142 1508 257 1572 invitos
281 1507 470 1587 reddidisse,
491 1519 522 1572 ut
545 1509 583 1573 ad
604 1521 690 1575 reete
713 1510 751 1576 de
770 1511 919 1574 alterutro
935 1510 1072 1576 indican-

67 1609 119 1676 lnn
139 1610 268 1676 alterius
290 1621 435 1675 accurata
456 1611 590 1694 cognitio
613 1634 699 1697 quam
716 1611 874 1697 plurimum
897 1614 1048 1677 conferat.

133 1713 225 1797 Quod
241 1713 331 1776 modo
346 1712 499 1798 explicare
515 1715 617 1778 conati
632 1735 755 1792 sumus,
778 1734 840 1777 non
856 1714 921 1799 capi
937 1717 1071 1799 potuisse

63 1811 188 1880 Persium
213 1813 354 1881 Senecae
376 1815 500 1899 iugenio
523 1828 613 1901 atque
636 1816 876 1895 cousuetudine,
906 1816 937 1880 id
959 1819 1073 1882 clarius

10 1950 13 1995 p
60 1918 137 1982 edum
160 1917 341 2003 apparebit,
364 1918 392 1982 si
413 1918 547 1982 virorum
571 1918 747 2002 quibuscum
769 1917 919 1984 amicitiae
942 1920 1073 1986 vinculis

10 2071 12 2080 .
59 2025 232 2088 coniunctus
264 2020 337 2098 luit,
376 2030 498 2105 praeter
534 2040 607 2098 eos,
644 2041 719 2103 quos
752 2021 811 2085 iam
849 2023 1072 2101 recensuimus,

57 2125 212 2212 imaginem
242 2122 329 2186 nobis
359 2122 707 2206 repraesentaverimus.
751 2118 839 2187 lnter
870 2143 946 2207 quos
977 2125 1073 2207 primo

56 2226 114 2294 loco
136 2225 361 2302 nominandus,
390 2244 478 2308 quem
500 2233 579 2288 teste
608 2225 690 2288 vitae
718 2224 868 2309 scriptore
897 2236 930 2288 ut
958 2236 1074 2309 patrem

57 2332 161 2411 coluit,
201 2327 251 2395 Μ.
283 2325 488 2393 Servilius
517 2323 742 2391 Nonianus.
793 2325 853 2391 llic
882 2327 950 2406 vir,
987 2348 1075 2409 quem

39 2431 167 2498 ·Plioius
190 2430 248 2513 (ll.
265 2429 311 2496 N.
326 2424 482 2505 XXVlll,
499 2427 531 2506 2,
550 2427 586 2510 5)
608 2429 774 2515 principem
798 2429 948 2509 civitatis,
983 2427 1076 2494 'l'aci-

10 2606 13 2614 ,
57 2547 95 2601 tos
118 2537 225 2616 (Ann.
248 2530 341 2612 xlv,
365 2531 420 2614 19)
447 2531 571 2597 summis
601 2530 766 2595 honoribus
794 2531 941 2597 illustrem
970 2544 1074 2611 vocat,

58 2660 81 2701 a.
102 2662 135 2704 u.
161 2634 227 2701 813
250 2646 387 2700 mortuus
409 2646 457 2699 est
477 2645 578 2699 aetate
600 2636 661 2699 iam
683 2636 869 2720 provectior.
906 2632 980 2699 Fuit
1001 2657 1077 2700 vero

58 2753 152 2806 aetate
182 2739 278 2803 multo
307 2737 471 2822 grandior,
509 2757 597 2821 quam
618 2734 765 2815 Persius,
795 2739 903 2823 quippe
934 2741 984 2822 qui
1016 2760 1077 2803 non

60 2845 141 2906 nodo
170 2864 201 2907 a.
232 2839 297 2906 788
326 2840 433 2905 consul
461 2849 529 2903 erat
558 2838 654 2922 (Tac.
679 2840 765 2903 Ann.
784 2835 837 2918 Vl,
856 2838 908 2903 31.
931 2838 1014 2905 Plio.
1031 2841 1076 2922 X,

61 2945 105 3026 id,
120 2942 179 3024 6⁰,
208 2945 249 3009 el.
265 2937 440 3020 XXXVll,
457 2938 491 3020 6,
507 2940 584 3024 21),
612 2942 666 3006 sed
688 2942 747 3006 iam
769 2963 799 3006 a.
823 2941 887 3007 773
908 2943 989 3008 inter
1006 2966 1080 3010 con·

62 3051 173 3114 salares
197 3046 371 3111 nominatur
393 3044 488 3130 (Tac.
505 3045 591 3106 Ann.
608 3039 666 3121 ΠΙ,
684 3042 740 3126 22)
761 3053 783 3106 ¹.
807 3042 881 3109 Non
897 3047 990 3111 luisse
1007 3047 1081 3111 divi·

63 3161 134 3231 tem,
164 3151 219 3213 sed
249 3150 308 3213 iam
339 3147 458 3212 Tiberii
489 3146 674 3231 temporibus
694 3168 802 3231 magna
827 3149 905 3212 lama
928 3149 1078 3229 floruisse,

65 3251 144 3317 locet
181 3251 261 3336 quod
298 3249 425 3314 Tacitus
461 3258 567 3312 narrat
595 3247 696 3333 (Auo.
719 3244 762 3327 ll,
784 3248 860 3331 48),
914 3249 1081 3316 Caesarem

66 3351 208 3431 Patulcii,
232 3352 333 3417 divitis
354 3351 461 3436 equitis
484 3349 628 3430 Romani,
653 3351 852 3416 hereditatem
875 3351 922 3416 Μ.
949 3352 1082 3419 Servilio

67 3457 243 3533 tradidisse,
266 3475 354 3538 quem
371 3452 521 3540 prioribus
538 3473 634 3538 neque
649 3453 798 3539 suspectis
813 3454 923 3519 tabulis
939 3456 1084 3538 seriptum

68 3569 270 3644 compererat,
306 3567 339 3621 ut
368 3556 555 3621 nobilitatem
586 3557 652 3622 eius
681 3556 810 3642 pecunia
838 3558 1009 3621 adiuvaret.
1053 3557 1084 3621 A

68 3660 208 3747 principio
231 3661 299 3723 loro
316 3678 437 3742 operam
453 3657 555 3736 dedit,
579 3670 610 3723 et
631 3670 744 3724 tantam
768 3658 958 3742 eloquentiae
975 3662 1085 3724 lamam

69 3777 169 3829 oaetns
191 3773 259 3841 est,
290 3771 323 3824 nt
345 3757 490 3824 Claudius
513 3779 579 3823 eum
603 3762 764 3846 aliquando
790 3762 820 3825 io
843 3761 953 3847 palatio
976 3760 1086 3844 spatia·

68 3878 145 3931 retur
175 3863 340 3947 auditoque
368 3863 499 3927 elamore
531 3863 646 3927 certior
680 3865 779 3929 laetus
814 3875 918 3942 esset,
953 3862 1086 3928 recitare

68 3967 258 4046 Nonianum,
291 3984 325 4029 se
346 3963 516 4029 auditorum
540 3987 667 4032 numero
690 3967 875 4031 immisceret
896 3963 991 4050 (Plio.
1017 3986 1085 4051 epp.

69 4068 91 4147 l,
106 4071 160 4150 13,
177 4070 231 4149 3),
256 4088 382 4151 eamque
404 4079 510 4152 postea
526 4090 642 4153 quoque
663 4069 721 4134 sibi
736 4069 873 4134 servavit
888 4065 982 4150 (Tac.
1001 4065 1085 4129 Ano.

70 4171 153 4252 xlv,
174 4171 314 4239 tertiat
332 4171 369 4235 de
385 4191 432 4234 or.
449 4168 504 4234 23.
529 4168 637 4253 Quint.
655 4167 700 4250 X,
718 4170 749 4251 l,
768 4168 854 4251 102).
880 4165 957 4232 Cum
978 4169 1087 4231 deinde

73 4379 80 4427 l
99 4377 251 4440 lassovlns,
271 4380 314 4443 qui
332 4378 401 4428 locos
421 4386 486 4429 vett.
506 4377 611 4440 collegit
628 4376 665 4443 (p.
685 4376 745 4442 122)
766 4377 915 4443 suspicatur
933 4372 1013 4422 luisse
1028 4386 1090 4451 eun·

100 4450 154 4498 de·
175 4448 210 4499 ll.
228 4447 384 4506 Servilium,
403 4448 448 4514 qui
461 4464 485 4499 a.
502 4446 552 4498 756
566 4445 657 4497 consul
674 4446 738 4509 luit,
752 4461 767 4496 a
783 4462 832 4512 qno
844 4445 991 4511 adoptatum
1005 4446 1090 4506 potrus

100 4525 172 4582 putat
189 4515 273 4586 llpel.
290 4516 323 4569 ad
341 4514 405 4568 Tac.
419 4519 487 4570 Ano.
504 4515 548 4580 Vl,
563 4514 606 4568 31.
