2574 5054
171 751 246 801 eutr
494 727 861 795 PROLEGOMENA.

173 902 285 986 dignas
307 920 414 967 veruna
429 899 527 979 baec,
549 921 589 966 ne
604 900 793 966 ambitiosius
809 898 847 964 de
861 898 900 966 iis
914 899 1058 965 statuisse
1073 900 1194 977 videar,

172 1025 254 1071 uunc
268 1004 384 1068 mittam
404 1011 426 1067 ¹.
451 999 609 1069 Sufficiunt
624 1003 705 1069 enim
721 1024 797 1087 quae
813 1004 905 1068 allata
919 1012 1009 1080 sunt,
1033 1013 1067 1066 ut
1087 1002 1197 1086 probe·

172 1116 240 1184 tur,
263 1106 472 1171 commentarii
493 1127 511 1170 a
531 1102 634 1170 Probo
657 1105 816 1192 compositi
839 1104 970 1189 vestigia
996 1103 1086 1167 etiam
1114 1126 1195 1170 nnnc

140 1243 143 1249 ·
171 1230 262 1297 posse
278 1208 391 1293 deteffl‘.
423 1205 491 1290 Qua
506 1209 538 1272 in
553 1230 588 1274 re
603 1210 731 1290 mirum,
754 1207 831 1293 quod
846 1207 949 1272 omnin
964 1207 1082 1272 ferend
1099 1210 1197 1293 expli·

173 1312 322 1379 munnam
351 1311 525 1376 historicam
555 1322 714 1397 spectant,
743 1330 830 1395 quam
858 1329 876 1371 a
901 1306 1004 1374 Probo
1026 1312 1196 1375 exercitam

171 1414 266 1479 inisse
283 1434 345 1477 non
361 1414 449 1478 modo
465 1435 528 1477 non
544 1411 666 1477 tradidit
683 1407 868 1487 Suetonius,
890 1413 945 1477 sed
969 1414 1065 1497 potius
1081 1432 1196 1496 negare

171 1515 262 1583 alicui
278 1516 427 1581 videatur.
460 1512 647 1599 Quamquam
668 1514 741 1579 iilud
764 1513 931 1580 annotandi
950 1516 1077 1580 officium
1092 1525 1198 1599 quate·

172 1638 230 1683 uus
252 1628 355 1702 pateat
378 1619 494 1682 difficile
517 1618 599 1682 dictu
621 1627 680 1681 est.
718 1611 833 1681 Verum
855 1617 932 1697 boc,
956 1627 990 1681 ut
1010 1617 1043 1682 iu
1057 1636 1092 1681 ro
1108 1614 1198 1681 dubia

172 1720 255 1787 uolui
278 1720 399 1799 celare,
429 1720 472 1785 ita
494 1722 591 1785 donec
621 1719 754 1785 certiora
783 1720 969 1797 afferantur,
1001 1740 1064 1783 non
1091 1720 1198 1784 valere

172 1832 244 1906 puto
259 1822 296 1886 ad
311 1822 495 1908 propositam
511 1821 694 1886 sententiam
709 1821 946 1904 infringendam.

259 1921 374 1988 Verum
396 1923 476 1988 ebud
503 1923 642 2008 quiddam
666 1935 774 2006 urget,
806 1923 894 2006 idque
916 1933 1040 2006 aspectu
1059 1923 1196 2007 gravius.

172 2022 289 2091 Notum
311 2035 360 2089 est
379 2025 462 2090 inter
484 2023 552 2089 VV.
576 2022 669 2102 DD„
700 2023 1198 2092 &vettonicaedrachmam

172 2126 206 2191 in
220 2124 416 2206 Iuvenalem,
433 2147 510 2210 quae
524 2124 651 2191 Probo
668 2126 789 2205 tribuit,
805 2128 848 2191 ita
863 2126 943 2191 eninr
959 2125 991 2190 in
1007 2126 1198 2211 praefatione

172 2227 216 2294 ait
232 2235 263 2294 ²:
288 2227 373 2294 Sane
395 2230 547 2315 comperti
565 2227 643 2292 midi
659 2238 734 2293 scat
754 2247 855 2315 aupes·
876 2226 975 2292 Prota·
994 2228 1201 2313 grammatici

173 2332 207 2396 ia
234 2331 412 2398 quenalem
441 2331 673 2405 commentarii,
707 2339 856 2417 quantam
891 2328 994 2395 adbuc
1026 2329 1199 2394 audiom'm

173 2433 257 2497 malli
276 2433 335 2498 atta·
355 2432 496 2518 cogniti,
526 2431 585 2496 scd
601 2434 698 2496 mbae
720 2432 902 2508 breuitate),
932 2431 1073 2517 alioquim
1096 2440 1199 2496 tameo

168 2554 322 2621 perquam
346 2543 541 2620 opportunos
564 2534 735 2619 aliquando
757 2555 792 2598 se
811 2534 902 2599 nodab
924 2533 1121 2610 obtulerant,
1145 2532 1200 2597 od·

175 2636 322 2700 wlabseat
333 2657 407 2700 vero
421 2656 491 2699 scae
504 2635 608 2700 adbuc
622 2637 742 2721 maguis,
762 2637 828 2701 ae'si
839 2634 928 2700 nota
941 2635 1070 2720 magoda
1083 2637 1201 2699 minna·

176 2736 260 2801 sitm
282 2735 398 2800 codicis
418 2739 543 2800 niarium
564 2739 688 2802 cariosa
710 2738 872 2803 accidisset
892 2747 1049 2815 uetustas,
1074 2747 1107 2801 et
1124 2739 1156 2800 si
1167 2737 1202 2799 ia

175 2859 280 2905 omncs
302 2837 399 2903 libros
427 2840 604 2924 comparati
630 2838 825 2916 habeantur,
854 2842 913 2927 qai
937 2843 995 2905 oia
1017 2838 1107 2904 tertii
1124 2837 1205 2902 aare·

174 2939 342 3005 secundam
371 2942 510 3027 cropore
538 2949 692 3024 satyram.
738 2940 859 3027 Nempe
888 2963 953 3006 non
981 2941 1109 3026 amplius
1137 2950 1199 3005 sat.

174 3038 343 3120 vttt‚1tt⁷
364 3044 395 3108 bi
418 3042 626 3108 commentarii
648 3044 850 3122 exstiterunt,
874 3053 908 3109 ut
921 3043 963 3108 ibi
977 3053 1082 3107 monet
1095 3040 1200 3106 Velia.

173 3141 238 3209 lam
267 3146 474 3229 quaerendum
502 3157 568 3225 est,
603 3167 679 3229 quac
708 3148 788 3212 ratio
818 3146 988 3213 intercedat
1015 3144 1096 3209 inter
1123 3144 1202 3209 baec

175 3245 289 3313 sebolia
311 3257 402 3332 atque
424 3269 479 3327 ea,
510 3269 588 3331 quae
619 3267 636 3312 e
666 3249 735 3313 eod.
758 3246 930 3313 Pitboeano
951 3258 984 3313 et
1005 3241 1202 3330 sangallensi

179 3349 264 3416 edita
285 3360 375 3429 sunt,
406 3350 443 3413 de
465 3371 523 3433 qua
538 3370 572 3414 re
588 3349 713 3415 calidius
733 3349 879 3414 iudicavit
901 3345 1046 3415 Osannns
1066 3348 1104 3431 (Ι.
1126 3348 1149 3413 Ι.
1172 3344 1203 3411 ΙΙ

175 3472 205 3536 p.
230 3448 331 3532 2⁷9),
364 3473 422 3535 ego
443 3451 579 3517 breviter
601 3451 760 3529 iudicabo,
792 3452 861 3535 quid
888 3452 936 3516 rei
958 3470 1027 3517 osse
1048 3449 1200 3526 videatur,

177 3553 247 3619 alibi
261 3554 430 3619 accuratius
446 3574 510 3618 rem
526 3564 723 3619 tractaturus.
754 3551 901 3618 Omnibus
924 3553 1016 3636 igitur
1029 3552 1106 3617 loeis
1122 3572 1204 3617 eom-

176 3657 309 3742 paratis,
333 3656 439 3740 quibus
455 3654 589 3720 Probum
605 3657 741 3721 nominat
755 3653 846 3720 varta
868 3656 955 3735 (uam
976 3655 1013 3720 iis
1036 3674 1117 3719 nunc
1141 3674 1203 3717 non

177 3768 267 3838 utor,
291 3757 398 3842 quibus
422 3758 512 3824 tacite
536 3779 604 3823 enm
619 3778 782 3843 usurpasse
798 3756 952 3838 videtur),
975 3756 1102 3843 primum
1126 3755 1203 3821 baud

180 3945 191 3999 Ι
212 3943 254 3994 (ΙΙ.
273 3950 357 3994 tamen
376 3960 442 4011 quas
459 3945 484 3996 in
504 3943 610 3996 scboliis
627 3945 659 3997 ad
673 3945 693 4010 t,
707 3945 741 4001 72
757 3945 895 4008 legunturt
915 3942 1031 4008 Pctttra,
1051 3958 1120 4010 quas
1134 3960 1205 3994 acac

211 4012 319 4064 Parilia
341 4016 455 4064 mutatis
479 4013 583 4064 litteris
609 4014 723 4066 dicimus
746 4020 808 4066 cett.
828 4028 884 4064 cum
902 4011 979 4064 Probi
997 4026 1058 4063 aun.
1077 4013 1111 4063 ad
1130 4012 1203 4076 virg.

212 4079 306 4142 Georg.
326 4079 370 4139 ΙΙΙ,
391 4081 422 4132 t:
443 4082 522 4133 Pales
537 4082 587 4133 dea
606 4088 647 4134 ert
663 4088 823 4149 postorum,
853 4084 900 4132 eui
909 4081 980 4132 diem
991 4096 1101 4133 sacrum
1113 4081 1205 4147 appel·

213 4149 274 4200 taret
285 4148 409 4210 Parilia,
430 4153 598 4217 transposita
611 4152 705 4204 littera
713 4188 723 4216 ,
741 4166 812 4218 qaae
823 4152 850 4201 ai
865 4166 914 4202 aaa
929 4150 987 4201 loco
999 4154 1085 4213 asset,
1103 4149 1204 4201 Palilia

216 4219 309 4282 potius
326 4215 482 4269 dicerentur
500 4225 564 4270 cett.

179 4283 310 4347 anatra,
334 4300 374 4336 nuo
398 4300 447 4334 non
474 4286 587 4337 editione
610 4286 702 4339 Veliae
726 4288 823 4356 prima,
856 4302 921 4354 quaa
946 4285 1064 4340 Venatiis
1087 4302 1112 4337 ι.
1140 4287 1206 4339 ΙΙΙΙΙ

215 4353 325 4417 prodiit,
344 4354 389 4405 sed
409 4360 508 4405 tanturn
526 4354 737 4418 Norinubarpensi
755 4356 814 4422 (per
829 4358 859 4407 A.
875 4353 1006 4418 iioberqar
1023 4369 1047 4406 a.
1069 4354 1149 4420 1497)
1167 4355 1205 4405 uti

216 4423 338 4491 potuisse.
365 4421 403 4473 ita
423 4422 522 4474 Prtboei
541 4424 654 4476 editione
672 4425 882 4490 Heideiberqensi
901 4431 1001 4477 tanturn
1020 4431 1089 4476 utor.
