2574 5054
219 787 294 829 nxvr
547 756 907 824 ructuantium.

219 934 383 1011 conversi,
406 931 524 1016 singula
546 933 612 998 eiua
636 940 797 1015 praecepta
822 928 1070 1015 disputationibus
1085 929 1128 994 ita
1144 929 1244 1015 expli·

219 1058 290 1104 care
312 1036 470 1113 solebant,
500 1043 534 1098 ut
553 1033 599 1097 -ad
631 1033 723 1098 vitam
753 1033 956 1116 quotidianam
989 1031 1182 1115 respicerent
1210 1040 1243 1096 et

218 1139 365 1224 exemplis
386 1138 458 1202 iude
480 1137 531 1203 vel
551 1156 592 1200 ex
613 1135 739 1199 historia
761 1136 862 1218 petitis
883 1156 947 1201 rena
969 1133 1152 1220 propositam
1173 1132 1242 1197 illu·

218 1251 354 1307 strarent
368 1242 545 1324 planamque
562 1242 717 1314 lacerent,
736 1237 816 1302 sicut
830 1256 872 1301 ex
885 1236 1011 1302 Arriard
1027 1234 1240 1319 disputationi·

216 1343 273 1408 bus
289 1343 399 1428 optime
417 1352 518 1428 potest
532 1344 688 1427 cognosci.
712 1341 828 1406 Eorum
844 1340 1014 1425 exemplum
1030 1356 1133 1423 presse
1149 1357 1239 1402 secu·

217 1456 266 1510 tus
283 1455 333 1507 est
343 1441 490 1523 Persius,
515 1454 627 1508 etcum
644 1464 748 1509 eorum
764 1443 932 1508 doctrinam
946 1441 1158 1526 profiteretur,
1176 1460 1239 1503 nou

217 1547 275 1611 iam
291 1544 461 1625 Lucilium,
487 1543 663 1624 Horatium,
683 1547 875 1629 antiquamve
891 1542 1079 1610 comoediam
1095 1551 1239 1607 auctores

217 1651 259 1713 ita
288 1650 455 1713 aemulatus
485 1657 552 1725 est,
585 1657 617 1710 ut
644 1648 681 1711 ud
706 1669 792 1712 snum
820 1658 937 1730 tempus
967 1643 1134 1730 applicaret
1162 1643 1238 1710 haec

217 1752 355 1835 dogmata
384 1758 474 1831 atque
503 1769 539 1815 ea
568 1770 610 1813 ex
644 1770 718 1814 suae
746 1749 854 1814 aetatis
882 1767 998 1812 morum
1027 1746 1239 1830 hominumque

217 1862 356 1916 accurata
373 1850 510 1934 beneque
524 1850 679 1915 intellecta
702 1852 875 1935 cognitione
897 1872 934 1915 ea
954 1848 1121 1913 illustraret
1142 1859 1176 1913 et
1195 1849 1238 1913 ita

217 1955 263 2020 sni
279 1953 348 2016 aevi
364 1973 487 2030 veram,
512 1973 687 2038 quamquam
712 1950 808 2018 Stoici
831 1954 925 2018 oculis
941 1963 1119 2035 conceptam
1134 1950 1237 2034 imagi·

217 2077 286 2122 nem
303 2054 481 2134 exhiberet,
505 2057 558 2119 sed
575 2056 617 2118 ita
632 2054 754 2119 scholae
770 2056 900 2120 vinculis
916 2054 1080 2120 obstrictus
1096 2063 1182 2130 erat,
1205 2061 1238 2116 nt

216 2178 278 2223 nou
307 2157 366 2220 nisi
395 2157 427 2219 iu
456 2158 631 2222 universnm
659 2156 825 2240 disputaret
853 2157 1059 2242 exemplisque
1086 2166 1234 2232 uteretur,

215 2280 292 2345 quae
315 2279 376 2322 uon
398 2280 438 2322 ex
458 2259 521 2343 ipsa
544 2258 606 2322 vita
628 2259 791 2343 intimaque
808 2281 875 2324 curu
890 2258 1060 2323 hominibus
1075 2268 1236 2321 consuetu·

216 2363 286 2428 dine
303 2361 463 2437 hauserat,
487 2361 540 2423 sed
557 2360 672 2444 qualia,
692 2362 833 2426 vitiorum
849 2372 880 2426 et
894 2363 1056 2438 virtutum,
1082 2380 1144 2423 nou
1160 2358 1236 2424 certi

215 2465 359 2550 temporis
383 2461 533 2526 hominnm
562 2462 728 2546 imagines,
759 2464 864 2528 schola
889 2462 1093 2549 praeparavit.
1131 2457 1234 2546 ltaque

215 2566 272 2631 hac
294 2567 383 2630 inre
405 2565 615 2647 gravissimum
637 2566 721 2631 inter
740 2562 879 2630 Persium
901 2566 1028 2650 illosque
1055 2565 1142 2628 viros
1170 2564 1233 2628 inre

214 2687 361 2755 ponemus
384 2667 562 2744 discrimen,
594 2667 673 2751 quod
693 2689 760 2733 eum
786 2668 889 2734 schola
918 2667 1038 2744 docuit,
1068 2686 1132 2730 nou
1160 2665 1232 2743 vita,

215 2770 293 2854 quod
309 2769 352 2834 illi
374 2769 461 2847 aevi,
485 2770 563 2852 qnod
586 2789 641 2834 cos
662 2781 898 2855 procreaverat,
923 2769 1082 2856 populique
1104 2768 1151 2834 sui
1172 2779 1232 2833 stu·

215 2872 272 2936 diis
288 2882 320 2937 et
334 2872 430 2947 odiis,
451 2871 533 2936 vitiis
549 2881 581 2937 et
601 2872 782 2952 virtutibus,
802 2871 906 2937 imbuti
928 2882 961 2937 ct
982 2870 1106 2949 acturi,
1131 2890 1232 2937 veram

214 2975 307 3039 vitam
332 2974 477 3038 vixerunt
498 2984 528 3036 ct
548 2985 840 3060 repraesentarunt,
864 2974 912 3039 hic
933 2973 1067 3038 umbram
1083 2975 1152 3039 siue
1166 2995 1233 3039 sau-

214 3077 305 3162 guine
321 3087 352 3138 ct
367 3075 481 3139 nervis.
506 3073 628 3141 Doceat
642 3077 699 3141 hoc
715 3078 871 3162 exempla,
887 3097 963 3161 qnae
980 3079 1097 3161 profert
1110 3075 1233 3143 Persius

213 3198 231 3241 e
253 3178 316 3242 vita
338 3178 488 3241 communi
512 3178 672 3243 maximam
694 3190 810 3264 partem
831 3179 942 3264 petita,
966 3199 1043 3263 quae
1058 3200 1234 3264 quamquam

214 3281 337 3364 egregie
355 3289 386 3344 et
400 3278 502 3343 subtili
516 3291 583 3343 arte
597 3281 662 3345 lere
678 3278 828 3346 delineata
845 3291 876 3346 et
891 3281 1008 3366 depicta
1023 3291 1112 3358 aunt,
1134 3291 1234 3346 maren

213 3403 274 3446 uon
304 3383 381 3447 certi
402 3382 545 3466 temporis
567 3403 626 3447 nec
648 3394 800 3448 certorum
823 3383 973 3447 homiuum
996 3393 1069 3447 ncta
1090 3383 1236 3467 insignita

212 3496 303 3564 snut,
329 3484 382 3550 sed
398 3484 520 3569 generis
535 3486 599 3548 lere
616 3486 769 3550 cuiusdam
785 3484 871 3569 quasi
893 3485 1062 3550 abstractas
1084 3485 1235 3571 imagines

212 3589 329 3652 referre
358 3586 511 3650 videntur.
550 3583 661 3669 Neque
690 3588 742 3652 ubi
771 3599 886 3653 certum
916 3608 1027 3653 nomen
1056 3587 1235 3673 promittere

211 3689 353 3768 videtur,
382 3699 492 3774 poetae
515 3699 631 3753 certam
660 3689 808 3774 quandam
836 3690 999 3775 imaginem
1025 3700 1096 3755 ante
1129 3690 1235 3756 oculos

211 3803 365 3857 versatam
386 3790 498 3868 luisse,
526 3791 696 3856 accuratius
718 3813 752 3857 re
776 3792 968 3857 considerata
987 3813 1094 3858 verum
1118 3793 1148 3857 id
1165 3814 1235 3878 ease

211 3893 415 3959 inveniemus.
447 3890 563 3959 Partim
586 3895 666 3959 enim
690 3894 766 3959 haee
781 3894 904 3958 uomina
918 3895 960 3959 ita
975 3894 1072 3978 posita
1088 3906 1179 3977 sunt,
1203 3907 1237 3962 nt

213 3993 288 4058 nihil
316 3996 487 4060 accuratius
516 3996 553 4061 iis
582 3996 787 4081 significetur,
824 3996 904 4061 sicut
935 3991 1004 4061 leti
1036 3995 1148 4061 Cuiam
1184 3999 1235 4065 vel

212 4094 334 4172 Sciam,
365 4096 533 4185 philosophi
555 4098 707 4176 Dionen,
744 4098 914 4175 raonem,
945 4098 1109 4164 Socratem
1133 4102 1234 4187 appel·

242 4315 347 4369 Persius
365 4319 474 4370 omnium
497 4317 703 4386 frequentissime
726 4327 753 4372 et
779 4323 904 4388 singulari
922 4323 995 4376 nodo
1014 4323 1142 4388 dialogum
1162 4325 1236 4376 adhi-

242 4385 316 4450 buit,
343 4388 419 4454 idqua
436 4403 469 4438 ex
486 4396 560 4454 parte
578 4390 625 4441 hac
643 4392 710 4457 apud
728 4392 823 4444 stoicos
842 4409 891 4444 nou
916 4393 1033 4444 inaudita
1051 4393 1160 4460 poeticis
1179 4394 1233 4447 alia·

241 4454 307 4522 logis
326 4457 432 4509 docendi
450 4457 551 4509 ratione
569 4459 693 4526 explicari
711 4476 785 4528 mass
808 4462 923 4517 videtur.
