2574 5054
213 745 281 786 m
547 719 906 787 PROLBGOHENA.

214 891 369 958 rhetorica
388 890 579 958 institutione
603 891 699 977 magis
724 892 996 977 corrumpebantur
1015 892 1159 960 iuvenem
1174 904 1239 959 stu·

214 994 283 1072 dia,
314 1004 346 1060 et
372 995 542 1061 auditorum
571 994 692 1078 ineptae
719 993 824 1059 nudes
852 995 960 1079 quovis
988 995 1079 1061 etism
1105 999 1237 1083 pessimo

213 1097 340 1162 artilicio
369 1096 603 1180 quaerebantur.
649 1091 756 1179 ltaque
788 1095 846 1162 boc
879 1097 1087 1183 potissimum,
1118 1101 1168 1166 cui
1200 1101 1236 1165 ad

213 1200 427 1286 rempublicam
443 1220 504 1262 non
520 1198 641 1284 patebat
653 1218 818 1278 accessus,
841 1199 922 1266 verti
943 1219 977 1265 sc
992 1201 1123 1268 debebat
1136 1200 1235 1269 Persii

214 1302 309 1368 satira
328 1311 350 1366 ¹.
391 1299 499 1367 Statim
528 1300 565 1364 ub
591 1300 680 1364 initio
701 1310 896 1386 corruptum,
920 1303 999 1386 quod
1022 1313 1095 1369 tunc
1117 1301 1234 1369 Romae

213 1405 354 1490 vigebat,
380 1404 521 1469 iudicium
537 1403 730 1487 aggreditur,
754 1402 803 1468 cui
818 1401 900 1468 nulla
919 1403 993 1469 bdes
1008 1404 1115 1471 baberi
1129 1407 1233 1492 possit,

215 1519 248 1574 et
266 1508 378 1573 acerbe
401 1507 541 1572 canitiem
562 1505 642 1570 illum
665 1515 809 1584 accusat,
832 1527 890 1588 qua
911 1527 1017 1573 omnes
1032 1518 1106 1574 autc
1121 1518 1234 1593 tempos

215 1611 317 1677 effoeti
338 1621 370 1675 et
391 1609 538 1675 debilitati
560 1617 726 1674 senescant
746 1608 793 1688 (v.
809 1606 843 1672 9.
859 1607 914 1675 22.
930 1608 1001 1692 26).
1040 1608 1141 1693 Quom
1163 1630 1234 1677 vero

214 1712 272 1777 boc
294 1713 403 1777 dictum
422 1714 480 1792 sit,
504 1732 590 1796 quam
614 1721 700 1775 recto
721 1709 834 1777 iudicio
856 1710 935 1777 broc
957 1712 1028 1777 mali
1047 1734 1170 1779 causam
1185 1714 1236 1778 dc·

214 1815 335 1899 signet,
358 1815 409 1880 vel
424 1816 537 1880 uostris
558 1813 762 1899 temporibus,
786 1813 814 1877 si
834 1834 1008 1898 magnarum
1030 1815 1149 1881 urbium
1170 1816 1236 1884 ills·

214 1919 290 1983 stria
305 1919 446 2005 exempla
461 1928 650 2002 spectamus,
675 1916 803 2002 agnosci
825 1928 937 1999 potest.
973 1913 1102 1986 Scilicet
1114 1920 1148 1985 in
1163 1920 1235 1986 moe

214 2032 364 2087 terrorum
387 2022 509 2086 domina
537 2041 605 2086 cum
628 2020 737 2084 litteris
769 2030 801 2085 et
821 2020 939 2085 artibus
976 2022 1170 2108 egregiisque
1189 2024 1235 2088 in·

215 2123 313 2207 geniis
343 2125 478 2188 inaudita
499 2123 639 2189 luxuriae
665 2121 868 2205 mollitioeque
896 2123 1099 2189 instrumenta
1121 2136 1154 2191 et
1168 2147 1236 2210 per·

215 2227 344 2290 ditorum
367 2227 520 2291 bominum
540 2226 651 2310 ingens
666 2223 822 2289 multitudo
838 2223 1011 2291 confluebat
1030 2238 1062 2291 et
1074 2227 1192 2292 animos
1206 2240 1238 2293 et

215 2323 1235 2415 corporolrsngebatotqueenervabatlomintantoartiumstudio,

215 2432 247 2494 iu
264 2441 347 2495 touta
362 2431 531 2497 litterarum
546 2430 677 2512 undiquc
693 2439 907 2513 congestarum
922 2430 1125 2511 abundantio,
1147 2434 1236 2498 etism

214 2533 360 2598 mediocri
375 2533 497 2619 ingenio
512 2531 665 2618 praeditus
680 2530 734 2595 vix
754 2540 893 2615 poterat,
917 2533 988 2614 quin
1008 2532 1114 2599 burum
1136 2556 1237 2601 rerum

215 2636 364 2720 quandum
380 2636 586 2719 cognitionem
609 2644 642 2698 et
663 2632 766 2697 iudicii
781 2642 866 2699 certe
880 2634 1012 2719 speciem
1027 2636 1085 2701 sibi
1101 2649 1234 2723 pararet.

217 2735 286 2820 Quo
302 2738 398 2802 maior
411 2748 512 2801 autem
535 2756 641 2801 eorum
661 2734 754 2800 fiebat
767 2755 928 2816 numerus,
952 2737 1001 2821 qui
1016 2739 1135 2805 artilieii
1150 2760 1235 2806 usum

216 2840 368 2904 callebant
381 2849 470 2922 etque
486 2839 690 2923 intelligentes
705 2840 762 2905 sibi
778 2839 970 2919 videbantur,
988 2861 1055 2904 cum
1069 2862 1235 2927 procreare

215 2941 291 3005 nihil
313 2952 456 3025 possent,
480 2962 517 3005 eo
533 2943 628 3026 magis
643 2942 757 3027 ingenii
770 2928 820 3007 uis
842 2952 874 3006 et
894 2942 983 3025 vigor
1004 2951 1035 3006 et
1050 2944 1167 3028 pulcbri
1182 2965 1236 3010 na·

215 3043 296 3108 tivus
311 3055 400 3128 atque
415 3045 609 3128 incorruptus
624 3063 733 3109 sensus
756 3045 932 3110 rarescebat
952 3056 1042 3128 utque
1060 3047 1237 3131 exstinguo·

215 3145 315 3209 batur.
347 3146 409 3209 Ars
424 3147 627 3229 quaerebatur
641 3147 672 3210 io
687 3146 813 3212 ludicris
833 3159 865 3212 et
886 3147 1064 3231 exquisitis,
1090 3169 1149 3231 quo
1171 3150 1238 3233 quis

215 3249 360 3313 maiorem
381 3248 412 3311 in
435 3259 565 3314 exteros
589 3251 684 3312 lorms
706 3247 866 3333 leviganda
888 3262 920 3315 et
935 3250 1116 3335 expolienda
1133 3272 1236 3316 coram

215 3350 375 3415 affecmbat
397 3361 429 3415 et
450 3351 647 3428 ostendebat,
671 3371 709 3414 eo
732 3351 827 3437 magis
850 3352 1032 3438 probabatur
1053 3351 1091 3415 ab
1106 3352 1162 3431 iis,
1187 3355 1237 3438 qui

215 3451 292 3517 hoec
313 3452 482 3530 laudando,
513 3464 654 3535 quantum
675 3453 793 3519 inerte
815 3455 1040 3543 intelligcrcnt,
1069 3454 1239 3539 probabant

127 3561 135 3571 “
216 3564 247 3619 et
262 3575 323 3618 oon
340 3553 435 3637 magis
452 3565 558 3639 poetae
573 3567 668 3620 artem
685 3579 772 3641 quam
787 3559 920 3644 ipsorum
939 3555 1078 3620 iudicium
1097 3557 1238 3623 laudibus

215 3660 378 3736 ornabant,
388 3657 446 3722 nisi
464 3659 542 3722 lorte
559 3679 596 3724 eo
612 3659 840 3744 intelligentiam
857 3660 1065 3726 demonstrare
1081 3659 1235 3739 amabunt,

217 3859 370 3914 lb'ortsssc
400 3863 511 3914 miretur
540 3863 598 3928 quis
625 3863 789 3930 luvcnnlem,
818 3866 863 3932 qui
891 3880 975 3917 mores
1000 3862 1114 3932 publicos
1140 3866 1236 3933 potins,

249 3946 322 3995 qoam
349 3930 496 3982 littererum
513 3932 684 3984 conditionem
703 3934 843 3987 toxnverit.
872 3933 967 3986 Verum
986 3949 1035 3985 nou
1056 3935 1237 3998 negligendum

249 4005 305 4058 est,
325 3999 381 4048 eins
398 4001 505 4051 osticam
523 4016 640 4060 magnam
653 4009 750 4068 partem
763 4018 837 4066 esse,
858 4011 888 4054 ut
905 4005 943 4054 its
956 4003 1056 4066 dicam,
1075 4003 1237 4065 historicam,

250 4073 276 4116 et
294 4082 414 4132 proesens
431 4073 529 4134 tempus
542 4071 670 4135 castigarc
683 4072 794 4137 imagine
810 4072 961 4140 praeteriti,
981 4073 1046 4139 quod
1060 4073 1114 4138 ipse
1129 4073 1236 4138 indicat,

253 4134 311 4186 duur
330 4135 395 4186 dicit
411 4134 444 4200 (1,
468 4136 514 4187 170
526 4137 595 4203 sp).

423 4202 565 4270 Experior,
584 4207 644 4271 quid
662 4208 819 4261 concedatur
835 4209 861 4260 in
880 4209 940 4260 illos

381 4269 493 4337 Quorum
512 4271 640 4325 Flaminia
659 4276 755 4341 legitur
772 4280 838 4331 cinis
855 4285 933 4346 atque
951 4276 1056 4329 Latios.

251 4337 301 4388 Sed
325 4337 381 4390 eins
404 4340 543 4392 satirsrom
568 4357 616 4392 non
640 4360 718 4399 unum
742 4353 783 4398 est
806 4363 887 4414 genos
905 4355 982 4416 utque
1000 4348 1083 4408 ratio,
1110 4349 1177 4416 quod
1198 4350 1239 4401 bic

251 4423 299 4458 oon
319 4408 379 4460 lieet
395 4409 505 4476 anplius
524 4412 651 4478 persequi.
