2574 5054
251 445 255 449 ,
916 436 920 445 ι

256 710 280 885 Ι,
327 795 331 809 “
503 780 585 842 SAT.
603 783 637 855 ll,
654 787 702 846 56.
1057 776 1118 844 133

99 970 192 1011 rarum
208 952 392 1013 humanarum
416 954 579 1025 maximum,
604 974 665 1014 enm
687 955 760 1031 grati
782 950 873 1014 uideri
889 953 1001 1023 uolunt,
1016 972 1118 1013 couse-

99 1045 211 1096 crant.“
248 1040 372 1098 Fratres
394 1041 465 1098 neni
490 1041 600 1119 quinam
629 1036 805 1117 intelligendi
835 1039 906 1110 sint,
923 1037 1034 1097 dubium
1063 1048 1118 1098 eat.

99 1123 207 1196 Aaron,
223 1133 253 1182 nt
267 1133 390 1183 testatur
410 1124 502 1185 schol.
519 1124 559 1192 ad,
570 1125 598 1183 Ιι.
621 1125 656 1196 1.,
671 1122 786 1183 tradidit
806 1126 833 1183 in
854 1126 965 1204 porticu
980 1121 1119 1202 Apollinis

101 1207 220 1268 Palatini
241 1208 264 1267 L
285 1208 440 1268 Danaidum
463 1211 553 1270 fuisse
577 1211 691 1289 effigies
721 1221 751 1269 ot
778 1220 949 1269 contraeas
972 1207 1024 1267 sub
1054 1206 1118 1267 diro

100 1291 216 1354 totidem
239 1305 389 1375 equestres
418 1296 535 1354 filiorum
559 1294 693 1374 Aegypti.
717 1293 871 1354 Danaidum
896 1305 1007 1354 statuae
1022 1295 1050 1352 in
1071 1294 1118 1352 illa

100 1381 210 1456 porticu
225 1381 334 1458 positae
351 1382 435 1439 etiam
450 1380 485 1440 ab
501 1381 564 1439 aliis
579 1390 834 1440 commemorantur
856 1379 997 1458 (Propert.
1014 1379 1062 1452 ΙΙΙ,
1077 1383 1118 1441 29

101 1464 146 1541 [ΙΙ,
160 1467 223 1544 231.
238 1470 269 1527 d.
294 1464 373 1524 Ouid.
396 1466 434 1526 A.
453 1467 488 1524 A.
504 1467 525 1538 l,
548 1470 589 1528 73
613 1486 657 1546 sq.
679 1464 743 1524 Am.
766 1465 801 1536 ΙΙ,
823 1470 854 1537 2,
869 1471 899 1527 Ι.
922 1465 1009 1524 Trist.
1025 1464 1072 1534 ΙΙΙ,
1091 1469 1119 1534 Ι,

101 1553 144 1612 60
166 1555 258 1630 sqq),
281 1551 355 1611 unde
378 1549 528 1621 discimus,
551 1552 640 1610 luisse
664 1571 714 1610 eas
735 1553 809 1610 iuter
830 1551 974 1610 columnas
995 1551 1119 1628 porticos

101 1635 271 1708 collocatas,
295 1656 405 1716 unaque
427 1657 489 1696 com
504 1639 539 1696 iis
561 1648 669 1715 patrem
685 1636 810 1695 Daunum
826 1637 925 1696 stricto
946 1655 1027 1695 ense.
1050 1634 1121 1694 l'er·

74 1769 76 1775 .
102 1724 199 1780 mironi
214 1742 284 1781 uero
300 1721 418 1794 accidit,
447 1722 521 1802 quod
542 1742 677 1802 nusquam
692 1719 934 1801 Aegyptiadarum
950 1721 1120 1780 mentionem

103 1808 210 1867 iaciunt
224 1809 397 1886 scriptores,
414 1811 460 1888 qui
471 1805 615 1867 Danaides
632 1806 813 1877 admirantur,
829 1808 905 1887 atqui
920 1807 1119 1888 quinquaginta

102 1903 214 1952 statuae
236 1904 385 1973 equestres
417 1913 526 1953 aeneae
556 1894 640 1954 etiam
661 1893 766 1952 Romae
788 1913 835 1952 res
858 1904 921 1952 erat
936 1890 1119 1951 admiratione

102 1998 171 2038 sane
187 1977 281 2057 digna.
312 1978 402 2037 Porro
422 1999 473 2038 cur
487 1978 615 2059 Aegypti
637 1979 700 2037 liliis
726 1990 836 2038 statuae
859 1989 1009 2058 equestres
1031 1995 1119 2055 pone·

102 2075 210 2134 rentur,
232 2065 307 2124 nulla
323 2077 453 2144 quantum
475 2063 558 2124 video
574 2085 661 2124 eausa
683 2063 801 2124 inveniri
817 2073 921 2142 potest.
958 2063 1054 2136 Quare
1070 2080 1120 2120 vo·

102 2169 179 2220 reor,
202 2170 237 2209 ne
260 2151 287 2208 iu
308 2150 362 2210 bac
384 2153 545 2210 narratione
568 2170 651 2211 error
666 2149 774 2229 quidam
791 2152 872 2221 insit,
889 2161 918 2209 et
933 2160 1044 2208 statuae
1060 2149 1119 2206 Aa·

102 2234 298 2315 gyptiadarum
314 2257 369 2295 non
385 2239 465 2295 nimis
480 2237 559 2295 firmo
575 2237 632 2294 talo
647 2239 812 2295 consistant.
829 2235 935 2295 Verum
950 2246 981 2294 ot
1003 2234 1119 2304 inerint,

103 2322 149 2381 bie
165 2341 216 2382 eos
232 2324 258 2380 iu
275 2333 368 2382 mente
384 2323 491 2382 babere
508 2322 624 2381 Persius
639 2342 694 2380 non
710 2324 809 2401 potuit.
839 2319 960 2382 Primum
976 2322 1049 2381 euim
1065 2339 1120 2376 non

103 2419 149 2468 est
170 2405 306 2467 credibile
338 2407 465 2488 Aegypti
487 2409 558 2467 lilios
581 2409 688 2467 somnia
711 2409 822 2468 misisse
845 2417 875 2466 et
897 2419 1026 2486 tauquam
1049 2403 1119 2464 deos

104 2491 235 2552 latidicos
261 2495 470 2553 venerationem
494 2495 661 2572 accepisse,
691 2504 747 2553 tum
777 2512 818 2553 ex
840 2493 889 2567 tali
921 2491 1120 2573 quinquaginta

104 2589 255 2638 statuarum
273 2580 348 2638 seria
364 2577 399 2638 ad
416 2576 596 2638 ordinandam
613 2581 748 2658 porticum
771 2578 982 2649 collocatarum,
998 2579 1072 2635 inter
1087 2595 1119 2634 se

104 2667 189 2743 igitur
204 2664 412 2737 simillimorum,
428 2686 511 2724 uuum
526 2665 680 2724 alterumue
696 2667 797 2724 eximie
820 2664 975 2725 beneficum
998 2661 1120 2721 habitum

105 2751 204 2821 luisse,
220 2760 249 2809 et
265 2750 312 2808 tali
328 2770 397 2829 prae
413 2752 518 2810 ceteris
532 2750 647 2809 barbam
657 2771 708 2828 pro
722 2751 809 2809 lubitu
833 2746 972 2808 deaurare
995 2747 1120 2817 licuisse,

104 2838 152 2895 vix
165 2836 232 2894 mibi
255 2834 452 2913 persuadeam.
476 2836 553 2895 Nihil
575 2833 665 2912 magis
686 2834 797 2896 uidetur
818 2845 1054 2903 cousentaneum,
1083 2830 1119 2890 do

105 2942 158 3001 qno
175 2923 258 2980 etiam
274 2921 363 2981 schol.
380 2923 531 3000 cogitavit,
554 2941 635 3000 quam
643 2918 765 2999 fratres
787 2920 946 2999 intelligere
961 2921 1121 2978 Iliosouros

106 3008 166 3065 sive
192 3009 342 3067 Castores.
374 3006 408 3065 lli
431 3009 503 3065 euim
528 3025 630 3084 magna
651 3005 722 3083 apud
745 3005 886 3064 Romanos
909 3015 938 3064 et
959 3024 1012 3082 per
1034 3014 1120 3062 totam

104 3092 211 3152 ltaliam
226 3093 409 3152 ueneratione
425 3092 591 3152 fruebantur
614 3091 762 3163 (Klansen.
777 3090 851 3150 Aen.
870 3091 894 3149 ll
909 3111 939 3169 p.
957 3092 1018 3152 663
1035 3092 1120 3167 sqq),

105 3179 151 3236 dii
168 3181 272 3255 magni
288 3178 461 3238 uocabantur
483 3175 575 3250 (Grut.
598 3180 649 3248 98,
678 3180 708 3238 9.
732 3174 820 3236 Orell.
844 3195 871 3233 n.
897 3180 1007 3247 1565),
1037 3174 1121 3231 vitam

106 3263 281 3343 salutemque
311 3261 431 3334 dabant,
459 3274 489 3322 et
517 3264 588 3321 sieut
618 3262 748 3340 populum
771 3260 924 3319 Romanum
946 3259 983 3319 de
1004 3259 1123 3317 victoria

107 3348 266 3420 mouebant,
296 3350 404 3407 somnia
428 3368 538 3428 quoque
562 3346 677 3406 fatidica
697 3348 810 3406 mittere
832 3357 973 3424 poterant.
1022 3343 1122 3422 Neque

105 3433 224 3493 deerant
238 3432 344 3493 Romae
359 3453 454 3492 eorum
472 3435 553 3511 sigua
574 3451 680 3503 aenea,
704 3434 777 3490 iuter
792 3452 864 3511 quae
880 3430 1023 3508 llegesiae
1040 3427 1121 3502 (Plin.

107 3519 242 3591 lUleV,
258 3525 288 3590 8,
312 3523 364 3592 19)
391 3519 577 3579 celeberrima
600 3520 650 3591 (cl.
674 3518 830 3589 Welclner,
853 3513 935 3575 alud.
958 3515 1122 3575 Kuustmus.

107 3625 134 3683 p.
152 3609 212 3667 133
238 3626 299 3684 sqq.
323 3603 369 3663 ed.
393 3612 480 3677 nou).
511 3604 617 3663 Verum
641 3604 667 3661 bi
683 3602 720 3661 dii
744 3623 858 3681 semper
872 3605 990 3661 iuuenes
1005 3618 1123 3677 reprae-

107 3691 307 3761 sentabantur,
324 3711 376 3749 uec
400 3701 518 3769 possunt
539 3689 674 3767 intelligi,
696 3688 742 3747 ubi
766 3687 801 3746 de
818 3707 905 3747 aurea
919 3687 1007 3745 barba
1029 3704 1123 3744 sermo

107 3787 161 3834 est.
196 3774 336 3834 Videntur
358 3778 450 3852 potius
473 3776 577 3834 fratres
598 3776 660 3833 aeni
684 3774 848 3832 ioculariter
869 3772 906 3831 dii
921 3773 948 3831 in
965 3772 1123 3831 uniuersum

106 3862 199 3919 vocati
222 3881 304 3931 essa,
328 3861 426 3939 quibus
448 3860 575 3919 omuibus
596 3869 707 3919 statuae
731 3879 768 3918 en
790 3878 858 3918 aere
880 3857 1056 3936 ponebantur
1072 3857 1122 3929 (cl.

107 3946 191 4004 Varr.
207 3945 242 4005 ΙΙ.
261 3945 296 4005 ll.
319 3946 342 4017 l,
361 3951 394 4006 1:
425 3944 526 4025 Neque
546 3955 640 4004 tamen
663 3965 714 4002 eos
731 3944 853 4002 urbanos
869 3942 949 4021 [daos
964 3941 1123 4019 inu'oeabo],

107 4052 223 4111 qnorum
239 4033 378 4108 imagines
401 4030 436 4088 ad
458 4031 549 4089 iorum
571 4041 688 4090 auratae
711 4039 803 4098 stant,
820 4049 873 4088 sax
888 4047 981 4087 mares
997 4038 1027 4087 et
1041 4027 1123 4085 lemi-

107 4137 161 4176 nae
177 4116 324 4188 totidem),
348 4118 450 4196 quique
473 4117 536 4174 fere
559 4133 658 4175 omues
682 4117 796 4173 somniis
813 4126 842 4173 et
857 4115 1001 4172 nocturnis
1017 4113 1123 4173 visibus

107 4203 233 4262 homines
249 4222 365 4260 monere
381 4200 582 4262 credebantur.
597 4198 698 4280 Neque
715 4200 907 4260 necessarium
924 4209 979 4270 est,
995 4196 1029 4257 de
1045 4199 1124 4257 inan·

106 4288 264 4346 bationibus
292 4287 438 4366 cogitare,
468 4286 566 4365 quales
588 4287 615 4344 in
642 4284 806 4366 Aesculapii
836 4286 1014 4364 potissimum.
1039 4293 1122 4362 atqua

108 4372 253 4451 Serapidis
284 4373 394 4451 templis
424 4373 514 4431 locum
545 4370 687 4430 habebant
717 4372 767 4444 (cl.
791 4370 889 4441 Wolf,
919 4390 1007 4428 verm.
1040 4367 1121 4427 Snlrr.

107 4479 134 4537 p-
150 4463 212 4522 382
228 4479 289 4540 sqq.
305 4459 474 4519 Tborlncius
499 4476 563 4540 opp.
585 4456 622 4516 ΙΙΙ
636 4477 663 4535 p.
689 4462 748 4519 127
765 4476 825 4537 sqq.
848 4456 986 4535 bottiger.
1011 4452 1125 4516 ldeeol
