2574 5054
187 765 230 829 74
593 770 701 833 enon.
734 766 785 848 ns„

158 949 170 984 t
188 960 310 1021 quoqne,
325 960 342 999 a
357 940 456 1020 quibus
473 941 560 1002 verba
583 953 698 1015 exeunt,
714 939 883 1021 procidisse.
927 945 1025 1024 ltaque
1041 955 1071 1004 ut
1087 943 1203 1004 Persius

188 1031 227 1087 ita
244 1026 356 1086 Seneca
379 1046 516 1105 perverso
538 1027 676 1087 bominum
697 1025 802 1087 iudicio
823 1028 971 1100 irascitur,
986 1016 1041 1109 quo
1057 1030 1147 1106 ipsum
1162 1033 1204 1088 vi·

187 1116 255 1172 tium
270 1122 365 1172 ament
380 1124 410 1171 et
425 1110 547 1171 laudent.
569 1113 680 1173 Etenim
696 1112 861 1191 ubicumque
884 1117 975 1174 oratio
996 1127 1129 1194 corrupta
1145 1116 1204 1196 pla·

188 1209 264 1269 eeat,
279 1198 317 1256 ibi
333 1217 427 1257 mores
442 1217 578 1277 qnoquea
593 1209 673 1258 recto
689 1195 845 1257 descivisse
862 1221 916 1258 nou
933 1219 1000 1260 esse
1015 1197 1137 1271 dubium,
1153 1221 1203 1260 ue·

187 1303 242 1364 que
259 1281 410 1342 mirandum
433 1302 499 1343 esse
529 1296 660 1363 corrupta
685 1284 778 1365 excipi
793 1303 847 1341 non
863 1296 968 1344 mutum
983 1305 999 1345 a
1015 1285 1097 1344 turba
1114 1285 1205 1345 sordi·

188 1370 286 1440 dicre,
307 1367 359 1428 sed
374 1389 392 1427 a
407 1365 526 1429 cultiore
542 1389 669 1451 quoque,
691 1369 764 1446 togis
784 1371 857 1428 enim
880 1372 951 1430 istos
973 1374 1048 1430 inter
1069 1391 1119 1440 oe,
1149 1392 1201 1430 nou

188 1452 296 1514 iudiciis
311 1451 427 1513 distare.
445 1453 533 1526 Quam
547 1455 712 1534 praecipue,
728 1455 801 1512 sicut
815 1453 942 1526 Persius,
957 1467 1035 1515 taxat
1050 1456 1202 1528 mollitiem,

188 1558 250 1598 eam
274 1541 377 1618 insigni
404 1539 581 1599 Maecenatis
605 1541 735 1619 exemplo
750 1538 887 1613 illustrat,
903 1540 976 1620 quod
992 1561 1054 1601 cum
1070 1543 1115 1612 iis,
1131 1562 1202 1622 quae

187 1623 304 1686 Persius
327 1627 483 1703 proposuit,
508 1625 641 1685 conferre
665 1642 771 1704 operae
795 1627 913 1702 pretium
935 1638 999 1698 est,
1015 1637 1045 1685 ut
1067 1636 1128 1685 tota
1147 1629 1202 1685 ista

187 1710 307 1790 epistola
323 1709 406 1789 digna
422 1721 477 1782 est,
493 1729 564 1790 quae
580 1711 701 1788 legatur,
717 1721 747 1770 et
761 1709 797 1768 ad
809 1712 881 1772 banc
896 1714 1010 1772 satiram
1027 1711 1202 1772 adhibeatur.

725 1842 743 1875 ἢ

595 2000 803 2011 —————-

466 2226 924 2300 PROLOGUS.

271 2572 296 2610 v.
317 2557 330 2613 1
350 2572 410 2631 sqq.
433 2551 541 2611 Ennius
557 2561 652 2632 poeta,
667 2551 714 2629 qui
729 2551 834 2628 primus
850 2549 962 2609 Faunos
978 2561 1093 2610 veteres
1108 2561 1203 2610 vates·

186 2655 241 2715 que
257 2639 375 2715 sprevit,
391 2638 717 2715 Graecorumpoetarnm
732 2635 1023 2714 exemplumsecntus,
1038 2638 1203 2695 Hels'conem

186 2732 217 2781 et
231 2724 395 2780 Parnasum
417 2725 507 2800 petiit,
528 2722 621 2801 ibique
644 2723 757 2800 poetico
779 2723 878 2802 spiritu
895 2740 927 2780 se
950 2722 1074 2780 alilatum
1090 2722 1203 2780 cecinit.

186 2806 283 2885 ltaque
306 2827 343 2865 ex
359 2809 544 2886 Hippocrene
559 2808 665 2867 bibisse
688 2827 720 2866 se
736 2804 911 2886 praedicavit
933 2807 982 2879 (el.
1003 2805 1137 2885 Propert.
1155 2806 1204 2876 lV,

185 2896 206 2954 2
223 2891 281 2969 [lll,
298 2893 337 2970 3,]
355 2898 373 2954 5
390 2913 450 2971 sq.a
479 2892 625 2972 Parvaque
648 2903 703 2951 tarn
720 2893 828 2969 magnis
844 2890 986 2950 admoram
1003 2892 1127 2950 lontibus
1143 2909 1204 2960 ora,

186 2975 260 3036 uude
276 2989 358 3055 pater
373 2980 472 3037 sitiens
487 2978 593 3038 Ennius
615 2989 680 3037 ante
696 2976 787 3048 bibit),
808 2987 847 3047 et,
861 2974 934 3055 quod
951 2976 1204 3038 celebratissimum

186 3063 257 3132 fuit,
278 3065 462 3122 somniantem
484 3066 513 3123 iu
536 3074 628 3122 monte
644 3066 778 3122 Parnaso
801 3061 950 3121 llomerum
972 3064 1025 3121 sibi
1046 3060 1204 3121 adstantem

186 3145 309 3218 vidisse,
331 3146 405 3207 unde
421 3146 538 3209 edoctus
566 3151 653 3208 fuerit
678 3148 792 3207 Homeri
815 3149 933 3206 animam
955 3147 982 3206 in
1005 3167 1108 3226 corpus
1125 3166 1203 3206 suum

187 3235 426 3311 transmigrasse,
442 3255 496 3313 quo
513 3255 549 3294 ex
565 3254 662 3292 somno
679 3243 865 3311 experrectus
888 3243 974 3310 poeta
992 3234 1084 3292 lactus
1106 3234 1203 3292 luerit.

185 3318 257 3377 Tale
273 3321 419 3390 somnium,
436 3320 526 3379 simile
547 3318 737 3378 Callimaebeo
759 3318 809 3389 (cl.
827 3317 1050 3376 warnerum.
1066 3317 1160 3397 Apoll.
1176 3338 1203 3375 v.

186 3401 280 3462 llbod.
298 3424 327 3482 p.
344 3409 386 3465 44
402 3410 468 3484 sq),
483 3405 527 3463 bis
542 3423 677 3463 narrasse
693 3403 811 3461 Ennium
828 3404 909 3460 testis
927 3413 972 3461 est
987 3403 1090 3461 Cicero
1101 3400 1203 3474 (acad.

185 3507 229 3566 pr.
245 3487 281 3558 ll,
298 3492 348 3561 16,
365 3494 423 3562 51,
439 3491 478 3549 cl.
496 3489 604 3568 Scalig.
623 3487 658 3547 ad
673 3489 757 3548 Varr.
774 3487 808 3546 L.
825 3487 858 3545 L.
877 3499 897 3546 t.
913 3488 977 3567 11p.
994 3492 1033 3551 39
1051 3508 1093 3566 sq.
1117 3485 1204 3566 Rip),

184 3574 213 3631 in
228 3572 415 3652 Epicharmo,
438 3575 485 3633 ubi
507 3574 542 3635 de
559 3574 797 3653 metempsychosi
813 3571 942 3644 tradidit,
965 3593 1019 3651 quo
1035 3571 1205 3632 referendus

185 3656 297 3717 videtur
312 3659 390 3719 locus
406 3658 533 3719 Lucretii
556 3658 591 3733 (l,
608 3665 665 3722 111
685 3666 775 3739 sqq),
799 3669 829 3717 et
851 3661 877 3716 iu
901 3660 1038 3738 principio
1054 3658 1204 3729 annalium,

186 3742 233 3802 ubi
253 3745 379 3802 alterum
399 3747 574 3816 Homerum,
605 3755 636 3803 ut
658 3747 736 3804 aiunt
758 3743 884 3802 Lucilius
916 3742 1000 3823 (apud
1031 3744 1145 3802 Hieron.
1176 3745 1203 3801 iu

185 3827 271 3888 bllcb.
288 3849 314 3887 c.
331 3835 362 3900 7)
379 3840 408 3888 et
423 3829 555 3889 Horatius
572 3839 648 3908 (epp.
664 3831 699 3900 ll,
717 3835 745 3899 l,
762 3834 825 3901 50),
839 3849 871 3886 se
888 3827 1022 3888 ostendit.
1053 3829 1113 3887 lloc
1129 3848 1205 3887 som·

186 3915 260 3973 nium
277 3934 405 3993 magnam
420 3914 492 3994 apud
517 3919 673 3995 scriptores
690 3914 830 3973 Romanos
847 3914 951 3973 lamam
973 3925 1083 3973 nactum
1106 3924 1153 3973 est
1175 3924 1205 3973 et

186 4001 353 4077 saepissime
377 4014 619 4072 commemoratur,
641 4002 681 4060 cf.
701 4000 778 4059 Pers.
795 3999 844 4070 Vl,
870 4004 908 4061 10
924 4021 966 4079 sq.
993 4000 1030 4058 ib.
1054 4018 1118 4058 ann.
1142 4000 1205 4057 crit.

187 4083 247 4142 Cic.
275 4104 336 4163 rep.
366 4086 416 4157 Vl,
441 4090 491 4158 10,
521 4091 569 4148 10.
600 4087 697 4145 Front.
729 4105 792 4164 epp.
817 4083 851 4143 ad
880 4087 950 4144 Ver.
976 4085 998 4156 l,
1014 4089 1044 4146 3.
1067 4083 1104 4143 de
1126 4084 1202 4163 elnq.

186 4189 214 4248 p·
223 4172 287 4232 229
295 4168 340 4229 ed.
350 4168 429 4228 Rom.
442 4169 508 4231 lnde
518 4192 572 4252 qun
588 4174 650 4251 quis
666 4174 772 4230 maiore
789 4190 839 4229 ore
855 4171 999 4229 locuturus
1022 4180 1086 4228 erat
1108 4181 1205 4247 poeta,

185 4274 222 4314 eo
239 4256 327 4332 magis
351 4255 423 4314 baec
446 4267 529 4335 atque
552 4259 652 4316 similia
676 4256 711 4316 de
734 4277 766 4315 se
789 4255 955 4334 praedicare
978 4255 1105 4325 solebat,
1123 4274 1203 4334 quem

186 4359 292 4398 morem
308 4338 425 4399 Persius
449 4339 537 4412 ridet;
568 4342 640 4402 unde
665 4343 777 4401 insolito
800 4339 882 4399 modo
908 4343 993 4400 lubra
1013 4343 1155 4418 proluere
1176 4351 1206 4399 et

176 4421 293 4500 sontem
308 4427 484 4487 caballinum
500 4427 606 4488 dixisse
622 4427 742 4500 videtur,
758 4447 922 4507 quamquam
939 4447 992 4488 nee
1007 4424 1073 4485 illud
1090 4424 1126 4485 ad
1141 4428 1205 4486 avi-
