2574 5054
130 754 230 800 exem
453 727 818 795 restituendus.

163 903 213 958 esd
226 902 339 958 mersen
356 901 435 958 sende
451 902 601 957 menobset
613 899 683 968 soll,
699 904 735 954 ut
751 902 805 954 tses
823 923 858 939 -
874 896 1047 966 bnedignlse,
1072 897 1150 954 lionis

163 989 317 1042 Februariis
332 997 351 1039 ¹.

130 1089 401 1158 Lovuniensis
415 1088 467 1154 illa
481 1087 574 1155 editio
589 1088 645 1154 rix
660 1086 791 1153 dubitari
805 1088 937 1174 poterit,
960 1086 1032 1172 qnin
1047 1087 1150 1152 eaden

129 1193 181 1274 sit,
198 1215 286 1279 quum
298 1203 441 1283 accurate
457 1191 618 1277 descripsit
633 1187 811 1256 Henthalins
823 1191 877 1273 (ad
887 1191 927 1254 A.
938 1186 1150 1255 PersiiFlacci

130 1306 189 1361 set.
205 1291 221 1358 Ι
236 1318 266 1382 p.
285 1289 414 1379 XXV),
440 1294 560 1359 ethaeo
575 1294 607 1358 in
623 1294 683 1358 bne
698 1291 847 1359 exhibere
862 1294 922 1358 nit:

163 1414 313 1468 Presens
336 1421 528 1483 satyros-nm
552 1427 637 1480 opns
658 1413 793 1478 insigne
811 1411 989 1465 lnvennlls
1005 1429 1023 1464 τ
1039 1410 1150 1463 Persli

164 1502 309 1569 posteri
345 1498 624 1559 e'lerissinnornsc
663 1499 789 1550 extitit
827 1513 885 1566 per
916 1497 1078 1550 lonnnen
1112 1497 1150 1549 tle

164 1585 351 1640 Westlnlin
370 1587 402 1637 ln
421 1584 674 1637 llorentiselnre
690 1583 924 1637 universitate
941 1582 1150 1635 Lovnnlenei

164 1672 392 1724 residentem:
412 1677 489 1722 erte
506 1670 643 1737 pendens
660 1669 950 1723 cerecterienndi
967 1667 1150 1721 modernis

164 1757 260 1809 sinen:
280 1756 443 1808 lelleiter
459 1763 718 1809 eonsummntnnr
736 1756 829 1808 Anno
847 1752 1150 1807 domini.dl⁰.eeee⁰..

163 1841 247 1895 laur.
265 1842 395 1894 mensls
412 1840 653 1907 semptembris
670 1840 723 1892 dle
739 1839 916 1895 vicesies,

129 1938 251 2008 Laudat
272 1952 432 2027 praetcrea
454 1936 525 2007 Van
550 1939 666 2020 Praet,
689 1936 790 2007 Catnl.
816 1942 853 2007 de
868 1938 980 2007 Livres
995 1941 1083 2026 impr.
1102 1961 1150 2005 sur

128 2045 191 2111 vel.
208 2041 252 2125 ΙΙ,
268 2045 322 2111 77.
353 2042 482 2124 Dibdin,
506 2042 619 2109 introd.
641 2038 685 2121 ΙΙ,
702 2040 776 2107 156.
800 2040 901 2109 Ebert
922 2065 952 2108 n.
975 2038 1099 2121 11201,
1121 2050 1150 2106 ¹ct

129 2149 255 2212 affirmat
286 2157 410 2213 exstare
439 2166 505 2211 enm
535 2145 567 2209 in
595 2143 777 2212 bibliothece
810 2144 910 2232 Rep'n
930 2142 1100 2210 Perisiensi
1122 2154 1151 2206 et

130 2247 379 2333 Genmbrigiensi
402 2245 482 2312 Coll.
509 2242 557 2311 St.
575 2244 672 2312 Petri.
705 2244 793 2329 Quae
808 2248 983 2313 editionum
999 2266 1056 2311 nec
1072 2268 1091 2311 a
1105 2266 1150 2310 me

18 2435 20 2438 Ι
128 2350 238 2436 inspici
260 2351 412 2435 potnerit,
436 2370 494 2415 nec
517 2350 555 2414 ob
577 2349 638 2413 ullo
661 2349 741 2432 qnod
756 2349 849 2415 sciam
865 2346 1018 2415 luvenalis
1034 2348 1150 2413 editore

128 2450 262 2518 adhibite
282 2451 323 2515 sit
340 2459 371 2532 ²,
400 2472 462 2516 non
485 2472 606 2535 possum
629 2450 753 2529 dicere,
785 2472 856 2517 num
886 2448 1015 2516 Cornuti
1041 2470 1150 2515 nomen

24 2548 27 2556 ’
128 2574 201 2639 prae
229 2573 263 2618 se
290 2555 371 2619 leret
398 2553 635 2619 commentarius
662 2551 694 2617 in
721 2574 759 2619 en
779 2553 964 2639 impressos,
988 2574 1058 2617 nam
1082 2553 1150 2637 quin

128 2656 207 2721 idem
223 2655 263 2720 sit
279 2655 416 2721 dubitare
432 2677 493 2720 non
509 2657 613 2720 sinunt
626 2653 733 2722 Vineti
747 2655 855 2722 verbe.
878 2653 1038 2722 Invenitur
1051 2665 1150 2720 entem

129 2755 301 2822 Cornuti
319 2759 536 2843 expositio
565 2779 685 2843 snper
707 2768 791 2823 toto
812 2759 919 2823 libro
940 2754 1150 2824 luvenalis

127 2859 160 2923 in
176 2859 245 2924 cod.
262 2859 494 2925 membranaceo
510 2859 711 2925 bibliothecae
726 2856 954 2926 Lenrentinnee
971 2859 1028 2945 (pl.
1045 2858 1100 2940 52,
1116 2858 1150 2942 Ι)

128 2981 192 3027 sec.
208 2959 289 3040 XV,
313 2961 407 3026 nitide
422 2960 839 3048 scriptemonnssestinni
859 2959 1151 3043 pistoriensis,

129 3085 217 3148 quom
232 3063 346 3149 excipit
360 3061 490 3129 Cornuti
506 3063 740 3130 commentarios
761 3064 793 3128 in
817 3061 956 3130 Persium
972 3065 1030 3148 (ci.
1047 3061 1150 3129 Mont-

128 3167 208 3230 iauc.
225 3162 439 3253 Biblhtslp.
450 3164 523 3230 338.
548 3164 681 3231 Bandini
697 3177 757 3232 cet.
774 3163 847 3230 bibl.
864 3165 951 3230 Med.
968 3162 1011 3244 ll,
1028 3163 1150 3246 5421.

127 3266 268 3349 618,1).
318 3265 416 3350 Quam
439 3269 489 3334 ubi
510 3268 631 3354 inspexi
641 3296 659 3349 ,·
681 3269 772 3334 incile
793 3266 953 3346 intellexi,
982 3289 1053 3334 esse
1084 3288 1151 3333 enm

126 3371 223 3458 ipsum
247 3368 377 3437 Cornuti
397 3372 663 3451 commentarium,
696 3371 734 3436 ad
758 3390 845 3455 qoem
865 3371 1041 3457 respexerit
1062 3370 1150 3436 scho-

129 3523 141 3576 l
160 3524 250 3577 Annos
268 3541 317 3578 non
335 3525 440 3578 eddltns
457 3533 514 3592 est,
534 3533 591 3594 post
607 3540 633 3580 ι.
653 3526 720 3579 less
738 3526 859 3593 scriptun
877 3540 948 3589 esse,
976 3526 1049 3579 docet
1067 3526 1150 3579 eltecn

160 3597 285 3662 qneedesn
312 3597 420 3663 epistoln
444 3596 525 3660 pridie
548 3595 614 3647 Non.
634 3610 660 3646 e.
681 3595 747 3648 1568
765 3595 796 3647 nb
815 3594 874 3647 Elin
890 3595 984 3648 Vineto
1002 3596 1035 3646 ed
1053 3594 1082 3648 P.
1103 3595 1150 3647 lle·

160 3664 253 3715 nielern
277 3664 357 3718 misse
380 3664 418 3731 (n.
439 3666 519 3731 tlt),
545 3664 571 3715 in
595 3679 645 3731 qne
670 3671 774 3731 prester
796 3663 848 3714 elin
874 3665 937 3715 becc
960 3664 1101 3728 legontnrz
1120 3665 1150 3716 Ia

160 3732 347 3784 enumerandis
372 3739 463 3788 numm
481 3735 651 3798 auetorebue,
675 3747 742 3799 quoe
760 3731 975 3783 emendaremur
994 3748 1150 3800 aggressus,

159 3804 224 3866 quta
254 3800 405 3854 Cornutum
428 3803 518 3855 Persis·
541 3806 716 3869 trtmpretsm
739 3817 756 3853 a
779 3803 855 3854 nobis
872 3801 1012 3866 uulgatum
1027 3808 1150 3869 praten

160 3873 265 3932 mittis,
284 3887 344 3922 eum
355 3871 392 3923 ad
402 3889 448 3922 oon
459 3871 595 3923 hauddum
603 3874 758 3939 peruenisse
770 3873 929 3922 existimavi
934 3906 944 3933 ,
964 3886 1048 3937 quare
1061 3875 1150 3936 ipsum

160 3937 198 3988 ad
209 3944 234 3989 te
246 3943 354 3991 mittere
365 3943 435 3992 mihi
445 3944 532 3991 visum
545 3945 594 3992 est.
614 3939 722 3992 Videbis
733 3954 798 4005 ergo
811 3945 839 3991 et
851 3941 1037 4004 antiquissime·
1051 3939 1150 3992 doctis·

159 4009 294 4073 nimique,
313 4013 444 4073 punctum
456 4010 530 4061 uides
537 4047 546 4072 ,
563 4012 744 4076 grammatici
754 4011 836 4059 uicem
848 4007 957 4059 dolebis.

95 4137 100 4145 ,
126 4072 214 4128 bue.
242 4075 426 4128 llnbrleins
450 4079 475 4128 in
502 4079 550 4142 iis,
575 4093 639 4145 qnae
665 4078 697 4128 ed
723 4077 861 4139 morgincrn
886 4076 1007 4127 edrtionis
1032 4076 1150 4129 lnntinne

161 4157 186 4193 e.
208 4144 273 4196 1513
291 4136 445 4209 ndscripsit,
473 4161 537 4212 quse
556 4163 621 4196 nunc
640 4147 666 4196 ln
685 4145 837 4197 bibliothece
857 4145 915 4209 llsg.
936 4143 1078 4197 Dresdensi
1097 4161 1150 4198 ser·

162 4219 241 4263 vetor
259 4212 304 4274 (ci.
324 4184 462 4264 Pnssoshns
481 4231 505 4281 p.
527 4216 585 4267 157.
610 4215 691 4266 libert
712 4214 875 4276 llescbreibpr.
897 4229 921 4279 p.
941 4215 1004 4278 286)
1026 4222 1150 4267 memoret

160 4280 192 4330 ed
210 4280 252 4341 ΙΙΙ,
273 4281 305 4333 76
323 4281 487 4332 bononiense
500 4284 609 4342 Metam,
628 4298 717 4336 vcrnm
735 4283 767 4334 nd
786 4281 829 4344 ΙΙΙ,
848 4282 899 4337 277
920 4282 1112 4351 Manuecrr'pta
1124 4289 1150 4335 et

161 4347 338 4408 lovaniense,
358 4357 384 4400 et
403 4351 436 4400 ed
452 4350 496 4415 Vl,
516 4352 566 4404 till
584 4351 655 4404 Mam
671 4351 892 4412 etdooam'eaee,
912 4352 979 4404 node
992 4354 1150 4420 pntnverirn,

161 4433 217 4469 eom
237 4417 284 4469 hnc
301 4418 413 4471 editione
431 4435 502 4471 asum
522 4435 589 4472 esse.
