2574 5054
207 769 300 812 exora
531 744 907 809 redeundumne.

207 917 327 981 codices
343 914 455 980 verum
465 926 607 980 tueantur
623 920 647 980 ¹.
679 914 827 981 Omnibus
843 924 943 980 lumen
959 914 1033 979 locis
1049 936 1124 980 vera
1139 915 1232 979 lectio

207 1040 249 1083 ex
272 1017 472 1101 compluribus
496 1019 630 1083 melioris
653 1029 744 1084 nolae
767 1029 799 1081 et
819 1039 881 1082 non
897 1018 1138 1082 contemnendae
1155 1016 1234 1079 anti·

208 1122 329 1204 quitatis
346 1121 435 1184 codd.
453 1121 563 1183 lirmari
580 1131 692 1204 potest.
717 1115 870 1184 Firmatur
884 1119 940 1184 bac
955 1139 1073 1203 qnoque
1088 1140 1136 1195 re,
1153 1120 1232 1200 quod

207 1224 296 1288 modo
312 1223 426 1298 monui,
445 1219 544 1285 Persii
561 1223 655 1286 verba
670 1244 733 1286 non
747 1219 930 1303 interpolata
946 1222 984 1284 ad
1000 1242 1056 1285 nos
1072 1222 1233 1304 pervenis-

207 1346 261 1401 se,
285 1325 338 1388 sed
351 1324 388 1387 iis
404 1334 519 1386 tantum
536 1325 651 1387 mendis
668 1324 842 1406 inquinata,
866 1344 942 1406 quae
959 1345 1014 1407 per
1028 1321 1149 1404 longam
1165 1342 1232 1384 sce·

207 1427 341 1491 culorum
364 1425 474 1490 seriem
504 1424 696 1489 librariorum
726 1425 911 1508 negligentia
941 1436 974 1489 ct
998 1423 1232 1508 intemperantia

207 1527 398 1613 procreavit,
431 1536 463 1590 et
484 1548 501 1590 a
525 1526 631 1608 quibus
654 1527 753 1591 nullus
783 1527 905 1589 omuino
936 1526 1035 1590 codex
1065 1525 1142 1590 liber
1169 1536 1229 1590 est.

206 1629 281 1695 Non
297 1638 461 1715 potuerunt
475 1629 568 1709 igitur
582 1628 699 1711 quidam
715 1628 837 1692 codices
853 1629 941 1712 eligi,
966 1629 1002 1693 ad
1018 1648 1142 1710 quorum
1161 1648 1232 1690 nor·

207 1753 285 1796 mam
307 1731 400 1795 verba
424 1729 582 1812 scriptoris
604 1731 883 1807 constituerentur,
907 1731 961 1794 sed
985 1751 1090 1793 ornnes
1113 1748 1234 1812 semper

207 1832 390 1918 respiciendi
412 1842 512 1895 erant.
544 1829 579 1895 Si
602 1831 669 1894 dico
692 1852 815 1908 omnes,
841 1854 902 1896 uon
926 1832 1061 1913 intelligo
1083 1830 1233 1894 recentis-

208 1936 301 2004 simos
317 1954 450 2018 quosque
467 1933 571 2011 codd,
588 1952 713 2016 quorum
729 1955 887 2018 maguam,
905 1945 936 1998 et
951 1945 984 1997 ιιι
997 1954 1103 2006 verum
1120 1933 1231 2007 latear,

209 2036 329 2100 nimiam
345 2036 460 2120 copiam
476 2033 614 2111 adhibui,
639 2034 693 2099 scd
710 2055 763 2099 eos
779 2036 828 2119 qui
844 2046 943 2099 aetate
960 2045 992 2098 et
1006 2034 1063 2097 lide
1080 2054 1233 2122 commen-

208 2138 328 2203 dantur.
366 2135 409 2202 Ut
430 2147 530 2228 tumen
552 2135 671 2199 illorum
694 2156 811 2220 quoque
835 2147 880 2200 tot
902 2138 1004 2199 varias
1027 2136 1175 2199 lectiones
1195 2134 1233 2198 ad

209 2238 300 2305 crisin
324 2259 420 2322 paene
442 2238 563 2301 inutiles
588 2237 748 2317 aberrem,
773 2237 827 2302 bas
852 2238 940 2302 babui
970 2258 1104 2312 caussas,
1123 2238 1231 2321 partim

208 2361 282 2405 ere
304 2351 412 2418 natas,
443 2340 551 2422 partim
574 2358 616 2403 ex
638 2339 713 2403 meis
736 2340 905 2404 rationibus
935 2341 1053 2403 ductas.
1097 2336 1232 2402 Primum

207 2441 300 2526 igitur
321 2463 383 2505 non
405 2442 587 2525 parcendum
612 2438 738 2504 cbartae
753 2442 862 2517 statui,
890 2452 923 2506 nt
937 2443 1024 2526 plene
1040 2441 1077 2503 ab
1094 2439 1233 2503 omnibus

207 2543 333 2625 intelligi
349 2554 459 2626 queat,
484 2553 632 2626 quatenus
648 2543 750 2605 talium
768 2544 856 2608 codd.
882 2566 953 2608 usus
976 2555 1094 2628 pateat,
1120 2562 1232 2606 veren-

209 2647 276 2709 dum
293 2646 374 2708 enim
397 2654 482 2721 erat,
508 2666 566 2723 ne,
591 2644 618 2707 si
640 2643 687 2707 bio
711 2645 772 2708 illio
796 2657 910 2709 tantum
933 2645 1156 2710 memorabilem
1178 2644 1233 2706 ali-

208 2768 294 2829 quam
317 2747 479 2811 lectioucm
504 2765 544 2810 ex
567 2746 604 2809 iis
626 2747 813 2827 attulissem,
844 2747 901 2812 alia
929 2748 960 2810 in
984 2747 1020 2810 iis
1043 2747 1138 2811 latere
1165 2747 1232 2829 quis

207 2858 345 2933 putaret,
378 2846 487 2910 iniuria
509 2867 527 2910 a
550 2868 597 2911 me
621 2849 781 2930 neglecta;
805 2870 886 2914 nunc
907 2871 978 2913 cnm·
996 2848 1091 2912 semel
1113 2848 1232 2930 ingrato

208 2949 308 3014 omnia
324 2948 482 3032 digerendi
499 2959 530 3011 et
544 2949 652 3012 edendi
668 2950 762 3014 ollioio
785 2954 906 3015 iunctus
926 2951 1000 3028 sim,
1024 2951 1073 3032 qui
1097 2960 1164 3033 post
1185 2970 1232 3012 mc

206 3050 311 3116 veniet
332 3071 439 3114 securo
462 3049 585 3115 abiiciet
605 3051 735 3116 inutilia.
768 3051 846 3116 Tum
870 3074 927 3117 uec
949 3073 1072 3136 prorsus
1094 3051 1231 3114 inutilem

206 3153 297 3218 talem
320 3152 504 3237 farraginem
526 3152 564 3216 iis
585 3153 706 3237 putavi,
731 3155 779 3236 qui
802 3155 891 3218 codd.
920 3155 1002 3239 ipsos
1023 3174 1084 3215 nou
1105 3165 1233 3237 possunt

206 3274 351 3332 versare,
376 3265 407 3318 et
423 3255 453 3317 in
469 3255 555 3338 parvi
570 3254 699 3320 ambitus
714 3257 862 3340 scriptore
878 3256 955 3320 baud
981 3256 1232 3320 contemnendam

207 3356 293 3440 quasi
314 3354 441 3439 quadam
465 3355 567 3420 tabula
588 3357 769 3442 propositam
791 3357 953 3440 imaginem
982 3359 1130 3433 latorum,
1155 3376 1231 3438 quae

208 3479 262 3541 per
283 3457 423 3521 librarios
445 3479 551 3542 passus
572 3459 613 3523 sit
634 3459 785 3543 scriptor,
817 3481 910 3542 quare
941 3481 1062 3545 operam
1087 3457 1175 3535 dedi,
1200 3468 1234 3520 ut

208 3570 349 3643 quantum
365 3558 431 3622 beri
446 3569 567 3643 posset,
592 3581 634 3624 ex
656 3561 762 3626 ordine
785 3583 838 3624 vr.
855 3561 885 3625 ll.
902 3561 987 3646 origo
1004 3572 1035 3624 et
1049 3580 1232 3644 progressus

208 3664 411 3749 corruptionis
433 3661 668 3748 perspiceretur.
714 3660 853 3746 Denique
874 3683 942 3727 mea
963 3684 1054 3727 causa
1077 3658 1134 3726 boc
1157 3663 1230 3741 leci,

208 3766 295 3850 quia,
320 3787 386 3830 curn
408 3763 533 3850 primum
557 3761 615 3828 boc
639 3785 712 3848 opos
734 3765 870 3829 criticum
887 3787 953 3829 cum
970 3759 1041 3827 VV.
1059 3760 1130 3826 DD.
1149 3785 1232 3826 conr-

207 3868 376 3945 municem,
401 3887 460 3930 uon
477 3865 536 3929 ulla
551 3887 619 3930 mea
635 3872 702 3931 esse
717 3877 818 3951 potest
832 3866 1017 3943 auctoritas,
1041 3875 1092 3943 ut,
1116 3865 1141 3929 si
1161 3865 1230 3947 quid

208 3969 379 4044 omiserim,
408 3968 438 4032 id
460 3978 544 4033 recte
568 3977 601 4032 et
622 3967 689 4032 iore
716 3969 825 4031 lactum
850 3988 920 4032 esse
942 3967 1107 4044 habeatur,
1137 3986 1231 4049 quare

111 4116 130 4133 -.
207 4090 280 4154 prae
304 4069 416 4134 ceteris
438 4069 468 4134 it
491 4068 674 4155 propositum
695 4068 805 4146 bubni,
827 4080 861 4134 ut
883 4090 970 4153 quam
1000 4068 1230 4152 diligentissime

208 4181 240 4237 et
253 4170 482 4236 accuratissime
504 4173 605 4236 omnia
626 4174 816 4257 proferrem,
840 4183 873 4235 ιιι
886 4171 956 4236 inde
972 4170 1098 4236 iudicari
1113 4181 1230 4254 posset,

208 4361 225 4413 1
243 4356 285 4410 Cl'.
304 4372 329 4408 e.
349 4372 374 4422 ς.
393 4372 455 4409 ιιι.
473 4372 511 4409 er.
531 4358 552 4423 l,
572 4359 614 4412 ot.
633 4350 676 4414 il·
707 4359 739 4424 ll,
761 4358 802 4411 tt.
833 4355 876 4423 tlt,
895 4357 921 4412 2.
946 4358 972 4410 9.
994 4358 1034 4410 ta.
1058 4358 1098 4410 ll.
1118 4358 1162 4412 tu.
1181 4358 1225 4412 89.

242 4424 277 4491 v,
296 4427 338 4480 ιι.
357 4427 401 4481 ιι.
422 4426 465 4479 ιι.
486 4426 545 4480 ιιι.
566 4427 625 4480 ιιι.
646 4428 705 4482 ιιι.
726 4428 777 4482 ιιι
788 4442 844 4494 ιιι.
872 4424 919 4489 vt,
937 4428 981 4484 ιι.
1001 4428 1044 4481 ιι.
1063 4426 1107 4480 ιι.
