2574 5054
808 398 815 409 o

409 753 772 818 rhotucohthrm.
1004 776 1104 820 cum

82 924 195 992 Narrat
217 934 319 990 antem
340 921 368 988 Ι.
391 921 432 990 Β.
454 921 639 990 Plautius
660 944 777 1009 quoquc
798 923 837 988 ad
859 935 919 988 sat.
942 919 992 990 V:
1017 924 1104 992 Non·

80 1031 165 1093 ncllo
182 1026 319 1093 Cornuti
330 1026 647 1113 open'rsrogmento,
672 1048 753 1114 qnae
763 1026 944 1112 prolixiori
954 1035 986 1090 et
999 1029 1104 1113 arugah

79 1131 236 1195 hortata
265 1132 407 1195 orohhne
434 1127 495 1194 lmc
523 1151 604 1216 opus
631 1131 901 1213 interpretantur,
926 1127 962 1212 sc
989 1128 1103 1193 cidisse

77 1233 223 1319 affirmat
243 1231 350 1296 Simon
370 1231 409 1296 de
422 1230 628 1297 Poaclcolidnr
641 1231 835 1297 Iodertinns.
867 1227 915 1293 Dc
931 1231 1038 1314 quihus
1052 1251 1103 1297 ac·

77 1337 211 1400 curatius
231 1333 358 1399 iudicari
377 1335 508 1417 poterit,
532 1335 560 1398 si
582 1334 700 1418 quando
724 1333 807 1399 edita
830 1332 960 1414 luerint3
982 1334 1104 1398 interim

77 1459 137 1502 nou
153 1437 279 1503 nimiam
295 1435 332 1500 dc
346 1435 385 1500 iis
399 1456 482 1521 spem
498 1437 692 1522 conceperim
709 1441 734 1499 ¹.

161 1569 295 1637 Cornuti
318 1570 432 1636 scholis
453 1581 507 1637 ont
527 1572 649 1658 integra
670 1582 723 1637 aut
743 1570 791 1637 hic
811 1571 881 1660 illic·
895 1570 1048 1634 immutata
1071 1571 1103 1634 in

72 1675 234 1760 permultis
250 1674 342 1740 codd.
359 1685 481 1739 servata
497 1686 586 1755 sunt,
613 1672 722 1759 duplici
738 1677 803 1740 iere
823 1674 924 1738 modo.
954 1671 1036 1736 Nam
1053 1682 1105 1738 aut

76 1778 171 1861 ipsius
194 1787 304 1861 poetae
324 1775 426 1840 verbis
452 1776 572 1841 adiecta
600 1786 686 1854 sunt,
717 1785 751 1839 ιιι
775 1776 882 1861 partim
905 1777 987 1839 inter
1008 1775 1105 1841 lineus

76 1879 238 1944 breviores
261 1878 483 1964 explicationes
505 1879 632 1962 singolis
654 1879 756 1945 verbis
779 1877 1001 1964 superscriptae
1029 1879 1103 1957 sint,

76 1981 186 2066 partim
203 1980 334 2066 margini
348 1979 497 2071 adscripta
513 1992 657 2059 exstent,
681 1999 758 2065 quae
778 1980 944 2065 prolixiore
960 1977 1104 2044 ¹oratione

77 2094 185 2166 poetae
201 2082 298 2147 verba
313 2082 478 2167 explicant.
502 2079 550 2147 lta
567 2087 674 2149 lactum
691 2093 755 2160 est,
780 2092 813 2147 ut
834 2103 899 2145 cum
921 2083 980 2147 alia
994 2082 1105 2167 passim

77 2184 219 2262 sanent,
236 2194 299 2248 tum
315 2185 390 2248 ordo
405 2184 591 2268 potissimum
606 2185 809 2262 scholiorum,
833 2185 901 2267 quia
917 2184 944 2248 is
960 2176 1000 2248 ex
1016 2185 1106 2271 spatii

77 2288 200 2351 ratione
221 2285 353 2351 maxime
376 2286 536 2370 pendebat.
569 2284 756 2370 Quamquam
780 2287 859 2351 enim
876 2307 968 2372 saepe
985 2288 1102 2369 quidem

78 2389 166 2473 signo
183 2387 312 2471 quodam
328 2389 429 2452 addito
445 2387 571 2453 verbum
587 2389 783 2475 designatur,
800 2389 837 2451 ad
854 2389 931 2471 quod
947 2390 1104 2454 annotatio

78 2491 231 2577 pertinet,
255 2491 379 2555 multum
403 2503 506 2555 tamen
528 2490 633 2570 abest,
666 2501 699 2554 nt
724 2490 754 2553 id
775 2510 894 2574 semper
916 2492 1027 2556 tactum
1051 2493 1103 2571 sit,

78 2614 136 2677 qna
158 2611 195 2656 re
218 2592 305 2659 facile
333 2592 522 2679 explicatur,
551 2614 569 2657 a
599 2592 731 2657 librariis
759 2593 941 2656 scholiorum
969 2593 1105 2658 ordinem

78 2695 165 2760 vatic
179 2704 324 2759 mutatum
342 2706 373 2760 ct
388 2695 538 2760 turbatum
555 2717 637 2760 esse.
672 2693 739 2758 Hoc
761 2696 850 2758 modo
867 2694 975 2778 scripta
991 2696 1105 2761 scholia
1235 2729 1238 2736 =

80 2807 206 2860 exstent
221 2816 281 2859 nou
297 2798 400 2862 addito
416 2798 535 2882 quidem
558 2795 687 2862 Cornuti
709 2798 829 2862 nomine
849 2799 878 2860 in
896 2798 984 2861 codd.
1002 2796 1103 2863 Paris.

78 2920 110 2962 ιι.
128 2896 225 2963 8272.
241 2897 326 2964 8⁰49
347 2911 379 2964 et
401 2898 610 2965 Laurentiano
633 2901 705 2985 plut.
727 2897 849 2978 ctist,
874 2921 948 2982 quos
971 2901 1103 2986 inspexi.
1215 2896 1220 2903 ”

79 3000 221 3066 Alterum
237 3022 335 3086 genus
350 3003 439 3068 codd.
458 3013 523 3079 est,
556 3003 587 3067 in
603 3001 709 3087 quihus
724 3004 867 3067 continua
883 3004 962 3068 serie
979 3004 1106 3087 scriptus

80 3104 401 3182 recompensantur,
426 3104 527 3168 addito
552 3107 726 3190 plerumque
750 3103 881 3169 Cornuti
903 3106 1044 3183 nominc,
1068 3106 1105 3169 ad

80 3229 155 3291 qnos
177 3207 309 3292 pertinet
329 3206 400 3271 cod.
422 3204 519 3271 Bern.
544 3229 576 3270 n.
599 3204 685 3284 223,
709 3209 797 3272 codd.
813 3205 960 3274 Monacc.
979 3230 1011 3271 n.
1029 3207 1104 3271 122.

81 3307 157 3373 156.
181 3306 258 3372 526.
295 3306 364 3375 fluo
385 3309 518 3392 pertinet
540 3310 630 3373 ctiam
653 3310 753 3374 codex
777 3309 962 3375 Dormctnd.
987 3332 1019 3372 n.
1045 3305 1107 3375 190

80 3410 232 3491 Rafiah,
249 3412 376 3478 membr.
393 3432 474 3477 saec.
491 3408 572 3477 xlv
585 3413 637 3476 vel
651 3410 728 3489 XV,
745 3412 793 3495 qui
809 3412 923 3477 scholia
938 3413 968 3475 in
985 3410 1106 3476 Luca·

81 3536 189 3591 nun,
212 3511 473 3594 Macrobium,
495 3511 748 3592 Iuvenalem,
774 3522 809 3578 'et
830 3511 1010 3579 Persium
1032 3535 1106 3579 con·

82 3618 160 3682 tinet
180 3619 237 3695 (ci.
254 3617 377 3685 Weber
392 3618 429 3683 de
445 3617 537 3702 intpp.
553 3613 669 3682 Lucani
689 3639 719 3698 p.
737 3611 899 3697 XXXV),
923 3628 956 3681 et
974 3617 1005 3680 in
1028 3618 1107 3680 hunc

81 3721 202 3804 quidem
231 3721 393 3785 maximam
417 3731 533 3804 partem
556 3740 622 3784 cnm
639 3716 778 3783 Cornuto
802 3719 1019 3805 conspirantia.
1056 3719 1106 3782 Ad

81 3823 163 3887 idem
177 3840 276 3906 genus
290 3823 455 3890 referenda
471 3821 560 3888 etiam
575 3821 691 3886 scholia
709 3823 777 3886 cod.
795 3822 966 3887 dernensis
981 3844 1012 3884 n.
1030 3817 1105 3897 665,

81 3925 328 4004 mendicantem,
358 3919 533 3990 saec-Xll
553 3923 648 3988 nitide
670 3925 793 4009 scripti,
825 3945 901 4008 quac
930 3924 961 3986 in
983 3935 1039 3989 sat.
1061 3920 1108 3986 tlt

82 4049 112 4092 v.
130 4026 173 4093 76
188 4028 313 4105 liniunt,
333 4048 401 4092 cum
417 4023 790 4108 Cornuti(cuiusnon1en
806 4039 909 4111 postea
925 4026 1107 4113 adscriptum

82 4131 144 4214 est)
165 4129 296 4196 scholiis
317 4130 382 4194 iere
403 4129 530 4208 cadem,
554 4128 613 4194 nisi
635 4129 713 4214 quod
736 4129 879 4193 breviora
902 4149 971 4195 csse
992 4131 1104 4194 solent.

82 4323 94 4375 1
114 4286 239 4373 hertam
253 4318 334 4369 codex
346 4317 409 4370 Bou.
427 4316 547 4371 ancsnii
566 4321 592 4372 in
611 4319 790 4372 bibliothecen
808 4320 958 4372 Leidensem
979 4319 1107 4387 pervenit,

115 4399 142 4442 ct
164 4391 224 4442 leri
251 4395 351 4458 potest,
375 4394 404 4439 ut
429 4388 497 4440 idem
521 4391 572 4454 sit,
599 4405 672 4457 quem
695 4398 819 4442 memorat
842 4390 1039 4456 Oudendorpios
1062 4390 1106 4456 (ud

114 4459 190 4513 Suet·
209 4475 236 4527 p.
257 4456 319 4522 tot)
337 4471 352 4509 ι
368 4455 446 4510 libris
463 4457 584 4512 Vulcrnti
602 4467 714 4521 cutum,
733 4460 758 4510 tn
777 4460 856 4511 catal.
868 4474 900 4590 pp
918 4460 970 4513 328
989 4474 1013 4508 ιι.
1034 4459 1077 4510 ιι.
