2574 5054
177 730 243 802 312
408 733 541 797 seflol..
562 734 615 797 An
639 733 722 797 stt.
743 734 793 808 Vl,
815 738 945 800 7-17.

177 910 280 989 ingens
295 906 368 967 lutus
382 915 470 987 ponto
485 905 636 980 obiiciunt,
658 917 690 967 st
709 903 827 968 inclusis
849 906 925 967 iuter
938 924 971 966 se
986 904 1068 985 rqnis
1081 914 1204 965 ustura·

177 996 233 1056 lem
249 994 376 1055 efficiunt
389 1004 510 1073 portum.
522 999 523 1002 ’
762 1013 764 1017 ·

262 1081 293 1142 9.
317 1081 419 1141 Lunai
428 1088 546 1156 portum
563 1086 610 1137 ert
622 1095 739 1155 operae.
763 1074 839 1138 Ordo
854 1085 917 1136 est:
938 1077 961 1136 0
977 1076 1073 1147 river,
1089 1094 1202 1154 operas

113 1064 134 1291 1
175 1164 296 1243 pretium
319 1175 378 1235 est,
399 1160 426 1222 tt
448 1173 510 1235 est,
531 1160 700 1222 delectabile
723 1173 785 1234 est,
805 1173 914 1242 portum
930 1164 958 1221 in
972 1159 1082 1220 modum
1096 1160 1203 1220 Lunae

120 1296 127 1317 ,
177 1251 282 1310 lurtum
305 1267 494 1327 cognoscere.
582 1250 684 1308 lunai
703 1259 797 1311 autem
819 1246 973 1308 secuudum
987 1247 1129 1327 antiquum
1145 1245 1201 1307 tle·

176 1335 356 1399 clinationem
372 1333 457 1405 (lixit,
473 1343 504 1392 ut
518 1333 654 1412 Virgilius
668 1340 696 1394 ¹:

385 1421 476 1480 Furit
488 1421 567 1477 rietus
582 1421 682 1498 aquai.

264 1509 316 1568 10.
344 1505 498 1567 Coriubet
518 1505 572 1564 hor
591 1507 681 1568 Eteri.
717 1502 837 1563 *liuns
865 1520 1009 1563 vorsum
1032 1500 1073 1562 sul
1093 1519 1197 1562 suum

176 1608 331 1650 eormen
360 1589 401 1651 (le
429 1589 540 1649 Ennii
568 1589 798 1650 carminibus
825 1588 1062 1650 transtulit*
1089 1586 1198 1649 blerito

88 1712 94 1745 .,
176 1694 248 1757 ergo
262 1676 317 1736 sits

61 1765 69 1775 ·
88 1750 94 1847 ἰ
309 1762 369 1821 Cor
383 1760 466 1820 rithet
478 1761 533 1819 lor
546 1760 642 1831 Enni,
660 1769 817 1838 postquam
833 1759 991 1819 destertuit
1002 1777 1074 1819 esse.

89 1854 94 1919 i
177 1843 226 1906 Sis
241 1846 315 1907 euim
331 1846 371 1905 rit
384 1845 491 1905 Ennius
507 1847 534 1904 io
550 1846 689 1904 annalium
706 1864 818 1905 suorum
835 1845 989 1923 principio,
1011 1843 1058 1903 uhi
1078 1863 1111 1904 se
1126 1839 1198 1904 tlirit

89 1932 95 1985 l
175 1928 284 1992 vidisse
299 1932 327 1990 in
343 1930 449 1991 somnis
465 1931 615 1991 Homerum
630 1929 781 2001 «licentem,
800 1930 890 1988 luisse
905 1949 938 1989 se.
954 1927 1091 2009 quonlam
1106 1950 1197 2008 povo-

91 1992 105 2053 l'
175 2035 257 2086 nem,
273 2027 303 2075 et
317 2035 355 2079 ex
369 2036 405 2076 eo
420 2013 584 2075 translatum
600 2034 667 2076 esse
682 2016 801 2074 unimam
816 2016 844 2074 in
859 2034 903 2086 se,
921 2012 1073 2074 seeundum
1088 2013 1198 2096 Pyths·

174 2101 406 2264 11ἶῖφίῗὲἱῖΐῖ
406 2098 476 2259 ,bl
478 2096 1198 2266 ¹ltiltzttttlltttz¹ttl¹1¹t123ttt

175 2267 211 2330 (le
240 2269 408 2348 corporibus
437 2270 467 2329 in
494 2270 549 2330 aliu
570 2289 656 2349 posse
679 2288 800 2348 corpora
820 2271 947 2330 introire.
984 2269 1052 2329 Ideo
1074 2272 1197 2348 qurittur

174 2352 260 2427 tisis,
281 2365 399 2435 propter
419 2375 481 2415 eum
502 2356 677 2434 opinionem,
697 2374 772 2434 quse
792 2352 860 2414 (licit
874 2355 994 2414 animum
1012 2354 1196 2434 Pythagorae

174 2440 203 2499 in
225 2458 364 2519 posonem
385 2441 567 2513 translatum,
591 2439 627 2502 de
649 2459 759 2519 pavone
779 2459 849 2499 vero
872 2436 908 2498 ad
930 2439 1129 2518 Euphorbum,
1158 2439 1196 2502 ule

174 2523 329 2604 Euphorbo
343 2523 379 2584 ad
394 2525 559 2599 Homerum,
574 2523 610 2586 tle
626 2525 747 2584 llomero
762 2535 856 2585 nutem
871 2522 906 2583 sd
923 2524 1041 2584 Ennium
1059 2531 1081 2585 ².
1190 2536 1194 2542 ’

266 2615 315 2674 12.
337 2612 413 2683 Ht'o,
439 2607 467 2669 td
482 2621 543 2682 est,
560 2608 633 2689 apud
648 2610 803 2689 Ligurium.
890 2612 1021 2670 Securus
1036 2611 1141 2687 vulgi,
1158 2609 1197 2672 tle

173 2692 284 2774 vulgari
306 2697 513 2755 existimatione
536 2716 590 2754 uun
616 2696 760 2767 solicitus,
787 2695 918 2775 quiequid
948 2694 984 2756 ds
1007 2715 1051 2755 me
1073 2695 1196 2776 populus

174 2782 296 2853 sentiet,
317 2783 383 2861 quia
404 2801 458 2841 nee
480 2800 577 2841 sorum
600 2779 726 2840 laudibus
741 2781 891 2853 sublevor,
918 2798 970 2840 nee
984 2783 1196 2860 vituperatione

173 2862 318 2928 lenium.
406 2869 449 2926 Et
462 2868 534 2944 quid
542 2876 711 2945 prosperet
721 2868 849 2927 Auster.
880 2865 943 2926 Nee
959 2864 1026 2925 tttut
1042 2869 1145 2937 timeo,
1168 2869 1195 2927 si

173 2961 274 3012 ruster
291 2949 457 3011 morbidus⁸
478 2952 576 3030 pecori
597 2963 718 3023 uoeest3
748 2949 777 3011 it
798 2962 861 3024 est,
882 2970 936 3013 uee
952 2950 1053 3012 domno
1066 2954 1196 3032 peeoris,

173 3055 228 3097 uer
243 3036 413 3097 detrimento
428 3038 470 3096 rei
487 3036 633 3096 t'rmiliuris
649 3038 777 3116 frangor.

260 3126 309 3184 13.
331 3124 376 3182 Et
394 3124 521 3199 ungulus
541 3123 594 3181 ille
615 3123 712 3183 or'ot'nt'.
740 3121 805 3182 Nee
820 3141 910 3201 ungor
924 3119 1044 3196 invidia,
1067 3123 1092 3182 si
1107 3122 1196 3183 vieini

173 3207 228 3267 moi
243 3226 315 3285 eger
329 3206 466 3267 fecundus
481 3207 535 3280 sit,
557 3227 619 3267 eum
634 3207 700 3267 mihi
715 3209 753 3267 sit
767 3226 838 3286 eger
853 3208 969 3267 sterilis.

261 3297 311 3355 11.
333 3295 376 3353 Et
394 3295 425 3352 si
443 3295 516 3353 odeo
539 3311 637 3352 omnes
660 3294 814 3352 ditescunt.
848 3291 957 3353 Sensus
981 3301 1045 3352 este
1075 3288 1140 3350 Neo
1168 3293 1195 3351 si

173 3375 314 3436 humilium
345 3379 403 3437 nati
424 3378 557 3437 steterint
580 3376 796 3456 locupletiores,
828 3376 935 3438 ideireo
957 3377 1041 3438 minui
1056 3385 1194 3436 senestu-

124 3530 134 3550 '
159 3472 229 3534 ,tem
245 3458 416 3523 desiderem.
444 3463 544 3523 Solent
563 3463 636 3522 enim
661 3462 714 3522 sihi
735 3474 835 3542 optare
851 3474 967 3522 mortem
983 3464 1020 3534 ii,
1040 3459 1086 3541 qui
1103 3463 1194 3520 mino-

171 3565 232 3691 rupr
249 3549 433 3608 substantium
449 3549 625 3628 augmentari
640 3547 753 3622 vident,
768 3567 823 3621 ne,
843 3568 913 3628 quos
929 3548 1066 3620 oderunt,
1088 3547 1193 3607 felices

171 3632 295 3693 visent.

259 3721 309 3781 16.
331 3720 403 3778 Sine
418 3728 524 3795 uncto,
549 3719 610 3777 sine
626 3716 744 3778 deliciis.
776 3714 876 3776 Solent
890 3720 962 3779 enim
978 3715 1133 3796 frugalitati
1147 3717 1193 3775 in·

171 3799 290 3882 dulgere
313 3806 389 3876 uoti,
412 3815 443 3862 ut
462 3824 533 3882 opos
556 3805 690 3862 maiorum
713 3812 884 3882 sequautur,
907 3805 931 3862 sl
956 3822 988 3863 se
1010 3805 1045 3862 ils
1066 3820 1191 3881 aequare

171 3907 226 3946 uon
242 3899 370 3968 possunt.
395 3888 498 3948 Horum
514 3909 585 3967 ergo
601 3890 641 3946 nit
659 3888 773 3948 Persius
789 3906 821 3946 se
837 3899 964 3948 neutrum
980 3888 1108 3948 elheere.

258 3979 307 4035 17.
331 3976 372 4033 Et
390 3977 507 4054 signum
527 3977 557 4033 in
580 3975 698 4053 vopida.
729 3971 829 4031 Solent
851 3976 930 4033 uvsri
945 3976 1054 4053 siguum
1070 3972 1191 4032 invasis

170 4058 286 4116 vinariis
301 4079 428 4136 ponere,
453 4063 543 4121 etsie
566 4057 717 4138 diligenter
731 4060 878 4136 aspicere,
908 4070 939 4118 ut
954 4059 1050 4119 oculus
1074 4059 1191 4139 propius

171 4140 346 4203 admovendo
361 4164 430 4204 uaso
445 4156 572 4225 tangunt.
661 4145 779 4223 Vopt’do
794 4141 862 4204 (licit
876 4155 1002 4205 seetusr.

173 4281 186 4333 1
205 4279 279 4345 Virg.
299 4282 364 4333 Aen.
384 4279 441 4344 Vll,
462 4281 522 4332 161.

171 4350 188 4403 2
208 4349 248 4402 ct.
269 4350 349 4401 schol.
370 4347 438 4400 Stet.
457 4349 539 4403 Theb.
559 4349 605 4416 lll,
625 4349 686 4403 181.
708 4348 782 4403 Tert.
801 4347 832 4400 de
850 4363 949 4400 resurr.
971 4349 995 4401 1.

171 4419 187 4472 b
205 4419 331 4471 madidos
349 4418 391 4470 etl.
410 4434 450 4487 pr.
