2574 5054
198 779 305 822 csuxrt
524 756 890 822 anotnoottartt.

197 930 258 994 situ
282 947 425 1015 oppressa
440 929 505 994 iere
525 940 556 994 et
577 930 718 1014 neglecta
736 929 873 1007 iacebat,
897 936 1002 992 eontra
1016 927 1047 991 id
1063 927 1223 1013 exemplar

197 1032 274 1114 quod
298 1028 453 1096 Cornutus
476 1030 686 1115 explicandum
709 1031 767 1095 sibi
796 1031 919 1108 sumsit,
944 1029 1075 1114 antiquis
1098 1029 1223 1095 scholiis

197 1135 332 1198 carnisse
354 1133 486 1198 videtur.
520 1132 561 1196 lit
583 1135 713 1198 sortasse
736 1132 944 1198 commentarii
960 1154 978 1197 a
996 1128 1134 1196 Cornuto
1150 1153 1221 1217 prc—

197 1237 270 1300 iecti
300 1256 375 1318 qnae
405 1235 497 1319 vulgo
526 1235 708 1300 credebatur
736 1235 920 1321 praestantia
942 1234 1062 1311 effecit,
1100 1245 1133 1297 ut
1161 1234 1222 1297 alia

197 1337 382 1422 exemplaria
398 1348 677 1402 contemnerentur.
709 1338 812 1402 Aliter
833 1337 865 1401 iu
879 1335 989 1402 Persio
1004 1336 1126 1414 evenit,
1151 1357 1221 1400 nam

197 1440 299 1504 omnia
325 1459 361 1502 eo
391 1440 520 1515 ducunt,
546 1449 579 1502 ut
606 1439 672 1503 eius
693 1439 856 1503 satirarum
886 1459 977 1504 uuam
1006 1438 1221 1503 recensionem

197 1561 317 1626 semper
341 1552 492 1606 servatam
524 1560 592 1604 esse
615 1552 772 1626 putemus,
796 1552 828 1606 et
856 1560 922 1607 cum
953 1560 990 1606 ea
1018 1538 1221 1622 antiquiorum

196 1644 459 1727 grammaticorum
474 1644 620 1726 reliquiae
636 1643 674 1707 ad
684 1640 852 1709 Cornutum
868 1643 1046 1729 pervenisse
1062 1642 1218 1717 videntur,

197 1747 247 1828 qui
262 1747 333 1810 inde
350 1747 444 1810 irustu
461 1746 609 1830 quaedam
625 1744 772 1812 servavit.

284 1878 321 1943 In
343 1902 381 1946 ec
401 1892 503 1947 autem
526 1881 658 1947 maxime
679 1892 822 1946 versatur
841 1878 971 1946 Cornuti
986 1903 1078 1961 cura,
1102 1893 1136 1946 ut
1151 1904 1220 1947 seu·

196 2004 261 2048 sum
278 1993 310 2048 et
323 2005 436 2049 nexum
451 1984 670 2049 sententiarum
686 1983 801 2049 indicet
816 1994 905 2068 atque
921 1984 1041 2068 singula
1055 1985 1150 2050 verba
1165 2005 1221 2048 ex·

194 2084 303 2171 plicet,
326 2086 404 2171 qnod
427 2085 527 2151 addita
548 2083 717 2172 periphrasi
739 2086 814 2151 satis
834 2085 985 2166 verbosa,
1007 2085 1063 2151 luic'
1079 2087 1141 2152 illic
1157 2109 1218 2150 non

194 2187 371 2272 ineleganti,
388 2189 430 2253 ita
445 2196 601 2253 assecutus
617 2198 686 2267 est,
714 2199 749 2253 ut
762 2208 853 2273 saepe
869 2207 944 2254 vere
959 2199 991 2252 et
1004 2200 1074 2274 apte
1091 2190 1217 2265 dixerit,

193 2288 274 2354 haud
290 2311 361 2354 raro
377 2291 465 2354 etiam
482 2289 645 2355 erraverit.
673 2288 843 2356 Praeterea
864 2313 902 2358 ec
918 2291 1102 2376 potissimum
1119 2302 1219 2356 atten-

194 2392 255 2470 dit,
278 2403 312 2457 ut
335 2392 445 2476 dialogi
464 2392 616 2456 rationem
640 2403 795 2479 exponat,
818 2404 850 2457 et
864 2394 975 2476 ligures
990 2389 1158 2457 rhetoricas
1173 2393 1220 2456 in·

195 2494 293 2574 dicet,
310 2494 388 2577 quod
404 2495 470 2559 eius
486 2494 631 2580 temporis
646 2494 726 2561 haud
743 2495 876 2561 ultimum
892 2495 1021 2561 studium
1039 2495 1106 2558 luit.
1131 2492 1219 2577 Quae

194 2598 232 2661 ad
262 2617 314 2661 res
344 2596 539 2680 explicandas
570 2619 600 2662 ο.
626 2619 655 2663 ο.
686 2598 908 2685 emythologia
929 2596 1022 2683 petita
1043 2596 1150 2676 affert,
1182 2617 1220 2662 ea

194 2700 295 2762 omnia
311 2700 375 2762 iere
391 2699 433 2761 ita
448 2709 624 2784 comparata
639 2710 728 2780 sunt,
752 2710 785 2764 ut
806 2722 845 2766 ea
866 2721 928 2764 non
947 2700 1118 2776 excedant,
1142 2720 1219 2783 qnae

193 2821 249 2884 per
264 2801 391 2864 medium
409 2801 473 2865 iere
488 2821 597 2866 aevum
614 2812 686 2866 ncta
701 2813 801 2868 eraut.
832 2800 876 2868 Ut
897 2800 1019 2867 omnino
1041 2801 1073 2865 in
1095 2800 1220 2865 seriori·

192 2901 249 2966 bus
271 2901 475 2985 grammaticis
498 2915 614 2968 certum
637 2904 723 2988 quasi
744 2905 894 2988 quendam
917 2904 1075 2969 doctrinae
1097 2903 1218 2968 modum

194 3004 414 3090 conspicimus,
443 3017 476 3068 nt
505 3005 609 3070 iisdem
640 3004 725 3071 libris
754 3007 821 3071 lere
843 3017 987 3085 utantur,
1016 3004 1138 3069 easdem
1166 3024 1219 3070 res

194 3106 343 3186 doceant,
373 3109 495 3173 eosdem
525 3129 649 3173 errores
679 3119 819 3193 repetant
847 3119 880 3174 et
906 3117 1091 3192 propagent,
1113 3105 1157 3171 ita
1185 3107 1218 3171 in

193 3222 300 3275 nostro
316 3230 444 3295 quoque.
481 3208 563 3275 Nam
579 3222 614 3275 ut
628 3210 659 3274 in
675 3211 828 3296 permultis
843 3230 920 3295 quae
936 3209 1028 3274 tradit
1041 3230 1110 3275 cum
1132 3206 1219 3274 Ser-

194 3312 277 3391 vio,
300 3313 343 3377 ita
364 3313 487 3399 saepius
509 3313 599 3378 etiam
615 3333 682 3377 cum
698 3310 855 3378 Isidoro
871 3313 900 3378 ei
923 3311 1086 3390 convenit,
1109 3320 1143 3374 nt
1163 3312 1219 3376 dn·

193 3412 283 3479 bituri
307 3425 456 3499 nequeat,
481 3416 551 3498 quin
575 3434 616 3478 ex
639 3415 705 3480 eius
728 3413 894 3500 originibus
918 3424 1058 3498 tanquam
1075 3412 1219 3499 primario

191 3518 276 3581 tonte
300 3517 435 3582 hauserit
464 3536 540 3602 quae
575 3518 675 3582 dccet.
713 3514 748 3582 ld
776 3517 888 3602 poterit
918 3517 1007 3582 facile
1036 3517 1086 3581 val
1108 3537 1149 3581 ex
1178 3516 1219 3580 iis

190 3620 341 3705 perspici,
373 3641 447 3704 quas
477 3621 508 3683 in
538 3620 617 3685 notis
647 3620 737 3685 allata
759 3631 842 3684 sunt.
882 3617 1038 3702 Quaedam
1061 3619 1152 3683 etiam
1175 3638 1219 3683 ex

191 3716 426 3805 Fulgentio,
460 3723 569 3788 dubiae
591 3721 658 3786 tidei
688 3722 853 3807 scriptore,
882 3722 975 3807 petita
1004 3742 1074 3787 esse
1105 3721 1220 3786 docent

191 3844 266 3905 quae
284 3846 312 3911 p.
327 3822 389 3889 241
406 3847 453 3910 sq.
477 3835 510 3891 et
526 3823 591 3890 248
606 3846 638 3888 n.
655 3823 675 3890 5
690 3823 796 3902 attuli,
820 3835 852 3890 et
871 3834 943 3890 sunt
962 3844 1072 3908 qnaea
1094 3821 1218 3889 Panlo

189 3921 369 3991 Diaccuo
391 3927 537 3993 sumsisse
560 3928 657 3993 videri
677 3928 792 4014 possit,
817 3927 857 3993 ci.
874 3926 913 3991 ad
929 3926 1006 4010 prol.
1023 3925 1045 3993 8
1060 3926 1099 3991 cl.
1116 3924 1154 3989 P.
1171 3922 1215 3989 D.

189 4047 217 4089 s.
241 4049 272 4090 v.
291 4031 437 4114 pagani,
462 4026 489 4107 1,
514 4028 557 4094 82
580 4031 619 4095 cl.
642 4027 682 4094 P.
706 4028 746 4094 l).
771 4052 798 4094 s.
822 4052 851 4093 v.
877 4029 1029 4105 trossuli,
1052 4025 1216 4107 Ι,108ο1.

188 4124 226 4190 P.
244 4124 285 4190 l).
309 4151 336 4193 s.
357 4152 388 4191 v.
405 4151 475 4206 sos,
507 4129 565 4210 lV,
583 4132 621 4196 51
647 4131 686 4197 el.
709 4131 748 4196 P.
766 4130 806 4196 Ι).
824 4153 851 4196 s.
869 4155 901 4196 v.
915 4152 1067 4218 cerecpu,
1098 4127 1218 4209 vtae

189 4229 228 4294 ol.
253 4227 291 4293 P.
316 4228 356 4294 l).
381 4252 409 4295 s.
432 4254 462 4294 v.
487 4235 607 4298 mucius
628 4235 814 4299 almaniae.
860 4235 1014 4319 Antiquos
1035 4234 1215 4319 scriptores,

188 4342 311 4417 praeter
333 4353 444 4419 paucos
466 4335 550 4399 locos
574 4336 611 4401 de
635 4337 741 4421 quibus
764 4337 843 4401 inira
867 4337 1025 4403 dicendum
1049 4336 1129 4416 erit,
1153 4358 1216 4401 non

186 4434 308 4515 laudat,
333 4435 391 4502 nisi
414 4437 588 4503 notissimos
608 4448 638 4502 et
661 4460 718 4525 per
732 4440 860 4508 medium
876 4459 985 4505 aevum
1000 4438 1133 4504 maxime
1148 4439 1215 4503 uul-
