2574 5054
202 789 291 833 cnam
529 760 892 826 PRdLEGOMENA.

237 940 305 992 uude
328 951 427 1005 quoquc
458 932 574 988 loven.
605 934 772 1002 mediamque
793 933 934 986 ostendens
957 946 1083 999 unguem.
1120 930 1171 984 Vel
1196 933 1227 984 dr

236 1040 332 1091 neruus
348 1023 413 1091 qood
433 1022 489 1072 sinc
507 1023 662 1073 verecundia
681 1020 877 1088 superexercuil
894 1017 970 1069 elios.

237 1108 269 1174 ll,
291 1111 333 1162 ub.
354 1110 454 1170 Ouuto,
472 1122 526 1157 sec.
540 1107 719 1159 Cornutum
737 1123 751 1157 a
765 1114 791 1157 tc
804 1112 891 1173 optato
903 1113 930 1156 el
942 1104 1106 1165 desiderato,
1124 1113 1227 1173 propter

207 1194 210 1199 '
237 1195 301 1261 quod
320 1210 382 1246 ovus
400 1200 428 1244 et
449 1193 564 1243 lactaris.

236 1279 269 1346 lt,
289 1282 330 1333 bl.
351 1280 520 1330 Cornutus
539 1278 621 1340 dicit,
639 1276 705 1344 quod
718 1275 884 1343 reprehendit
896 1276 937 1326 bic
954 1275 1078 1328 mulieres
1096 1283 1225 1342 unguente

237 1366 362 1419 iacientes
380 1371 406 1414 ot
423 1371 510 1414 vestes
529 1364 674 1428 lingentes,
699 1363 744 1413 sed
761 1363 828 1413 male
846 1361 969 1427 procedit.

235 1451 282 1515 lV,
299 1453 328 1507 2.
346 1450 465 1502 Socrates
484 1450 525 1500 bic
542 1447 685 1501 Alcibiadis
701 1461 789 1499 amore
813 1447 963 1498 stimulatus
980 1454 1006 1498 et
1023 1455 1162 1499 accuratus
1181 1448 1223 1498 od·

235 1538 328 1589 ductus
352 1536 402 1587 luit
423 1537 455 1585 ad
483 1535 623 1598 iudicium,
656 1540 687 1584 ut
709 1533 831 1585 infamiae
854 1533 949 1583 crimen
975 1534 1098 1585 evaderet
1123 1549 1225 1583 succum

237 1625 338 1674 cicutae
363 1622 462 1689 potavit
487 1628 517 1671 et
534 1620 579 1672 illa
598 1619 656 1670 vice
675 1619 770 1670 evasit.
800 1619 893 1670 Postea
911 1635 972 1670 vero
990 1619 1132 1687 composuit
1149 1635 1225 1686 queu-

237 1709 294 1759 dam
318 1707 430 1768 librum,
456 1723 529 1774 quem
554 1704 698 1757 intitulavit
723 1704 805 1756 libror
830 1704 862 1755 de
886 1704 934 1755 deo
959 1705 1096 1767 Socratis,
1125 1705 1151 1754 in
1175 1720 1225 1770 quo

237 1792 414 1858 praedicavit,
444 1792 492 1843 deo
515 1799 541 1844 et
565 1807 614 1842 oon
639 1790 688 1841 diis
711 1804 768 1840 csse
792 1791 1003 1854 moribundum,
1034 1796 1060 1841 et
1092 1804 1123 1840 ea
1147 1804 1226 1840 cause

237 1879 348 1930 secundo
366 1885 501 1930 recusatus
519 1884 568 1929 cst.
588 1875 711 1942 Quicum
729 1890 758 1926 se
776 1884 929 1941 excusaret,
954 1877 1101 1928 uttolcruul
1118 1877 1143 1926 ei
1161 1876 1225 1927 duas

237 1965 379 2028 imagines,
413 1979 489 2015 unam
518 1963 584 2015 lovis
614 1976 800 2026 marmoream,
836 1962 946 2014 alteram
975 1963 1069 2015 Phoebi
1103 1962 1225 2026 ligneum,

238 2049 368 2100 dicentem
395 2049 453 2102 luru
471 2064 517 2115 per
533 2049 580 2099 bos
599 2048 668 2098 deus.
698 2046 752 2099 Non
769 2046 878 2113 iurabo,
897 2048 996 2115 iuquit,
1021 2064 1067 2116 per
1090 2049 1135 2098 bos
1154 2048 1224 2108 deos,

237 2136 282 2186 red
300 2136 323 2186 ri
341 2136 436 2200 vultis,
462 2134 551 2186 iurabo
575 2149 622 2201 per
646 2133 692 2184 boc
717 2147 829 2184 murmur
853 2141 881 2185 ct
904 2135 950 2184 boc
973 2135 1080 2199 liguum.
1108 2132 1135 2184 ln
1154 2135 1226 2184 euius

239 2223 276 2270 rel
295 2221 433 2272 vindictam
452 2220 547 2271 itcruru
565 2218 665 2285 potavit
682 2234 785 2270 succum
803 2219 904 2271 cicutae
922 2227 948 2271 et
967 2220 1052 2287 periit.

236 2303 268 2370 V,
288 2307 329 2361 25.
351 2306 488 2357 Plceloria
506 2305 548 2357 vel
567 2305 719 2355 teodorici.
740 2306 847 2372 d‘npues
865 2313 892 2355 ct
909 2312 1066 2370 tegumento.
1093 2305 1225 2369 decurio,

238 2394 304 2455 quod
322 2392 406 2456 tegit,
426 2391 492 2457 quod
511 2391 537 2442 iu
556 2390 633 2447 corde
650 2397 710 2455 est,
731 2390 773 2440 vel
793 2391 925 2458 plecteris.

238 2475 281 2541 Vl,
301 2476 343 2528 tl.
363 2476 397 2528 Ut
415 2477 480 2528 dicit
496 2475 671 2541 Remigius
688 2492 757 2542 nepo
773 2484 815 2528 eet
832 2477 937 2543 quidam
955 2492 1076 2544 serpeus,
1095 2476 1139 2543 qui
1159 2477 1227 2528 letus

239 2575 298 2611 suos
316 2562 441 2627 devorat,
468 2578 524 2613 cuno
543 2561 673 2624 famescit,
700 2562 759 2612 inde
777 2578 858 2628 nepos
877 2563 990 2630 dicitur,
1015 2564 1088 2629 quasi
1108 2563 1228 2629 patrimo-

239 2647 307 2697 nium
324 2661 474 2697 courumcus
492 2654 519 2698 ct
537 2648 665 2698 devoreus
682 2647 739 2698 nive
759 2648 897 2715 dissipans.

204 2747 300 2810 Attuli
316 2748 462 2835 quaedam
478 2747 635 2833 exemplu,
660 2748 709 2812 ubi
735 2760 767 2813 ul
788 2749 819 2813 in
835 2750 886 2816 illo
904 2747 1071 2815 Barlbiauo
1087 2760 1227 2832 tauquam

204 2845 335 2913 Cornuti
356 2848 536 2928 laudantur,
560 2871 636 2933 quae
659 2872 739 2914 nuuc
761 2851 792 2915 iu
814 2871 852 2917 co
874 2874 935 2916 non
958 2853 1118 2936 leguntur,
1148 2852 1228 2935 quod

204 2951 262 3015 iam
284 2951 321 3016 de
345 2947 474 3015 Cornuti
497 2950 527 3014 iu
549 2949 724 3018 Iuvenalem
748 2955 964 3020 commentario
987 2955 1136 3032 vidimus,
1169 2976 1227 3019 neo

203 3053 378 3134 mirabitur,
395 3056 445 3138 qui
461 3055 723 3135 consideraverit,
742 3057 861 3140 quoties
877 3057 951 3122 baec
967 3057 1226 3134 describerentur,

204 3177 258 3242 pro
280 3157 374 3221 lubitu
396 3160 461 3221 iere
483 3148 633 3222 addidisse
656 3169 709 3222 aul
735 3159 873 3223 omisisse
900 3160 1046 3242 quaedem
1072 3158 1226 3231 librarios.

204 3259 284 3323 uude
306 3262 418 3324 iactum
440 3271 506 3340 est,
536 3270 571 3324 ut
593 3259 742 3343 hodieque
764 3260 796 3324 in
821 3261 951 3326 diversis
983 3259 1138 3326 codicibus
1166 3282 1228 3324 uon

204 3362 291 3446 plane
307 3363 398 3427 iidem
414 3373 538 3427 exstent
552 3360 583 3425 bi
598 3362 825 3439 commentarii,
848 3362 902 3425 sed
926 3363 974 3427 bic
996 3362 1057 3428 illic
1080 3365 1227 3447 quaedam

203 3465 254 3530 vel
278 3466 389 3529 omisso
411 3464 461 3530 vel
482 3463 602 3529 adiectu
622 3464 702 3542 sint,
727 3475 758 3529 el
780 3485 880 3528 sermo
899 3475 952 3529 aut
965 3465 1041 3528 ordo
1057 3466 1157 3549 paullo
1172 3467 1227 3529 im-

205 3577 335 3631 mutatus
349 3567 400 3631 sit.
431 3560 494 3630 Sed
518 3587 554 3631 ca
576 3566 677 3631 omnia
699 3567 730 3631 iu
751 3567 803 3631 lali
819 3567 968 3651 scriptore
982 3567 1069 3653 parvi
1084 3569 1227 3633 momenti

203 3676 285 3733 suut.
316 3665 403 3750 Quae
428 3689 470 3733 ex
493 3669 688 3753 locupletiore
711 3665 830 3733 Bonan.
855 3665 998 3733 Vulcanii
1019 3668 1125 3733 codice
1148 3666 1228 3734 Cor·

205 3770 268 3833 uuti
297 3770 422 3855 protulit
444 3767 482 3833 P.
507 3767 661 3834 Merula
689 3770 743 3849 (ad
765 3767 856 3834 Ennii
880 3772 1000 3855 irgmm.
1022 3791 1051 3856 p.
1068 3767 1126 3852 67)
1149 3780 1227 3835 leste

204 3869 347 3938 Fabricio
374 3870 467 3957 (Bibl.
493 3867 764 3956 Lae.llp.165)
793 3892 856 3936 nou
884 3871 965 3949 vidi,
997 3883 1133 3938 ceterum
1154 3872 1228 3936 bdcs

204 3992 308 4038 corum
324 3996 420 4060 penes
435 3985 590 4039 auctorem
611 3985 695 4054 esto,
720 3973 897 4070 ceteroquin
918 3974 994 4039 eatis
1010 3984 1183 4058 suspectum
1202 3983 1226 4036 ¹.

206 4178 218 4231 l
239 4177 279 4230 ct
299 4179 387 4242 licet,
406 4182 437 4232 de
455 4179 628 4231 Enniauoruru
646 4180 776 4232 annalium
790 4178 940 4245 fragmentis
951 4195 967 4233 a
979 4178 1009 4232 P.
1022 4179 1120 4233 bderula
1132 4182 1225 4233 auctis.

239 4247 308 4299 doun
330 4248 405 4300 1839.
424 4247 524 4312 Ritler,
544 4250 569 4299 iu
588 4249 715 4301 Zeilscbr.
731 4249 749 4301 i.
763 4250 952 4302 Altcrlbswiss.
966 4263 990 4302 ι.
1006 4251 1072 4302 ibid
1085 4266 1110 4317 p.
1123 4251 1175 4303 ³82
1187 4266 1227 4319 sq.

239 4330 264 4367 a.
279 4318 342 4369 lull
358 4333 382 4383 p.
397 4317 457 4368 335.
480 4317 588 4368 Prorsus
600 4318 690 4382 simili,
710 4326 788 4386 atquo
802 4335 832 4370 eo
844 4320 910 4386 quod
924 4319 1023 4370 rotavit
1039 4317 1168 4382 dilueres,
1188 4335 1230 4370 or

239 4385 317 4438 tldcio
343 4386 452 4438 cculicta
478 4393 557 4447 sunt,
584 4401 650 4453 quae
667 4385 768 4439 blerula
785 4404 810 4456 n.
827 4388 878 4440 ³08
896 4388 991 4451 allent,
1016 4388 1109 4453 quibus
1135 4389 1228 4440 nollem

240 4462 292 4507 tam
316 4455 427 4508 tidenter
449 4469 523 4507 usum
547 4468 605 4507 eme
626 4455 774 4508 Mouckluu
797 4455 843 4524 (do
864 4455 935 4510 tout.
959 4455 1040 4510 areu.
1065 4472 1090 4525 p.
1111 4456 1228 4525 ddrqq.)
