2574 5054
395 723 762 793 ruotnuottutta
959 753 1085 799 cxxxix

63 891 242 977 imaginibus
255 896 527 980 repraesentandis
541 899 725 966 excelluisse
740 900 895 966 violentur.
917 898 1024 987 ltaque
1044 905 1083 970 de

61 1000 170 1065 tulitm
182 998 294 1086 optime
302 1020 355 1064 vv.
363 992 575 1084 incepimus,
590 993 772 1088 ὑποκριτής
787 1014 819 1068 et
830 1003 937 1068 similia
946 1007 1084 1092 usurpari

61 1111 244 1185 potueruut,
267 1121 335 1165 cum
350 1101 539 1181 iunctione,
555 1121 730 1186 quamquam
747 1125 808 1168 uon
823 1105 966 1185 scenica,
986 1109 1083 1172 maxi·

61 1225 108 1270 ne
130 1224 184 1269 urs
205 1223 312 1268 eornm
331 1213 531 1288 spectaretur.
561 1202 703 1271 Pertinet
722 1205 780 1272 huo
795 1227 913 1291 quoquc
927 1209 1005 1291 quod
1020 1207 1083 1274 La·

61 1306 327 1372 eelaenoniornm
340 1304 385 1370 illi
399 1304 606 1393 denuntianti
619 1309 709 1372 etiam
726 1307 912 1397 μιμολόγοι
934 1321 1084 1376 vocantur

64 1407 155 1488 (iles.
178 1429 207 1474 s.
232 1430 265 1472 v.
286 1405 460 1493 διίιηλοι),
491 1409 531 1474 de
553 1410 658 1494 quibus
680 1411 722 1475 ita
743 1412 922 1477 Athenaeus
938 1409 1034 1495 (XIV
1049 1432 1080 1498 p.

63 1508 218 1596 6211).)ι
259 1509 361 1598 Παμὶ
391 1510 429 1578 δὲ
456 1509 743 1599 Λακεδαιμονίοις
770 1515 919 1600 κωμικῆς
946 1512 1084 1589 παιδιᾶς
1157 1595 1159 1599 Α

63 1606 104 1697 p's
124 1635 179 1688 ser
199 1607 324 1699 spinet
344 1609 507 1695 παλαιός,
530 1609 573 1690 cir
592 1639 673 1702 φησι
695 1616 882 1703 Σωσίβιος,
905 1608 967 1684 orie
992 1610 1082 1703 ἄγειν

65 1714 267 1791 σπουδαῖος·
304 1720 462 1803 ἐμιμεῖτο
496 1713 562 1805 ycip
595 1741 647 1792 etc
683 1722 722 1786 ἐν
756 1711 885 1787 εὐτελεῖ
923 1719 965 1809 τῇ
999 1719 1084 1794 λέξει

65 1811 276 1892 riimromie
309 1841 407 1894 seror
438 1812 579 1906 ὀπώραν
612 1818 637 1906 ἤ
664 1819 792 1896 ξενικὸν
819 1814 951 1907 ieepo's.
994 1819 1083 1904 Quae

64 1922 197 1988 eiusdem
221 1932 351 1986 uatum
371 1941 442 1987 esse
464 1944 552 1987 nemo
567 1942 630 1987 non
646 1923 738 1987 videt.
771 1922 821 1986 Ex
836 1923 972 1989 hisvero
987 1923 1082 1988 initiis

63 2026 139 2090 nimi
161 2024 280 2090 scenici
302 2035 335 2089 et
353 2024 527 2109 pantomimi
549 2026 699 2110 quomodo
720 2027 821 2089 exorti
844 2026 903 2089 sint
924 2037 956 2092 ct
969 2024 1084 2090 exculti

63 2128 147 2192 facile
162 2137 267 2213 potest
279 2126 421 2210 intelligi.
444 2123 561 2193 Verum
577 2127 697 2192 vitietur
709 2128 781 2191 illud
794 2149 911 2212 quoque
927 2129 1084 2192 mimorum

63 2250 178 2315 geum,
204 2230 283 2313 qnod
308 2230 360 2294 rel
386 2227 514 2294 fabellas
541 2231 613 2295 viva
633 2231 864 2313 gesticulatione
888 2230 1032 2295 narrabat
1052 2241 1084 2294 et

62 2332 191 2418 agebat,
216 2332 266 2397 vet
289 2343 391 2396 certus
412 2352 560 2417 personne
583 2333 756 2397 imitabatur
774 2341 805 2410 ¹,
829 2354 889 2396 non
913 2334 1083 2418 neglectum

62 2457 148 2512 esse,
173 2443 208 2498 et
228 2433 399 2498 huiusmodi
419 2456 570 2520 personae
598 2436 637 2500 ud
660 2436 801 2501 convivia
823 2436 1008 2521 potissimum
1031 2434 1083 2498 ud·

62 2539 143 2602 libiti
160 2558 245 2602 esse.
277 2534 364 2601 Talis
387 2548 456 2601 erat
477 2535 726 2618 Herodotus,
752 2550 784 2602 ut
799 2560 910 2602 nomen
926 2537 1038 2602 indicat
1054 2539 1084 2602 ei

61 2641 206 2720 inditum,
237 2638 430 2725 λογομίμου
452 2639 583 2721 (Athen.
607 2638 622 2704 l
643 2664 674 2723 p.
700 2637 741 2705 tt
763 2639 801 2707 C.
825 2642 864 2706 cl.
888 2637 1013 2724 liiiplre,
1046 2639 1083 2702 de

61 2744 206 2829 lypomn.
231 2739 288 2806 Gr.
306 2763 336 2826 p.
352 2741 396 2808 29
410 2741 486 2826 sup).
516 2743 566 2807 At
587 2742 710 2808 eosdem
732 2743 884 2808 referendi
906 2736 1083 2829 ἠθολόγοι,

62 2866 133 2929 qnos
149 2855 405 2910 commemoratos
420 2844 479 2908 iam
495 2843 623 2910 vidimus
643 2845 719 2929 apud
741 2843 929 2923 Diodorum,
954 2855 985 2909 et
1007 2866 1083 2927 quae

62 2948 130 3012 inde
151 2948 191 3013 (le
215 2956 325 3012 natura
346 2967 451 3012 eorum
473 2947 601 3032 intelligi
630 2959 774 3033 possunt,
807 2949 964 3012 confirmat
994 2947 1084 3011 etiam

63 3049 187 3116 Cicero.
225 3047 257 3112 ls
273 3049 372 3129 euim,
395 3048 447 3113 uti
463 3049 499 3113 de
516 3069 553 3114 eo
569 3049 686 3114 ridiculi
702 3071 816 3133 genere
833 3050 981 3133 loquitur,
1006 3048 1085 3133 quoti

62 3156 92 3218 iu
115 3174 150 3218 re
174 3153 303 3238 positum
326 3151 385 3228 sit,
410 3151 526 3216 duobus
547 3151 643 3216 modis
667 3151 741 3228 loc,
766 3153 845 3236 quod
867 3153 898 3214 in
915 3172 950 3215 ea
966 3171 999 3214 re
1014 3172 1085 3215 ver·

64 3267 146 3319 satur
161 3265 196 3317 ut
211 3253 422 3319 describantur
437 3254 589 3320 hominnm
605 3276 705 3319 mores
724 3265 755 3317 et
770 3257 948 3339 effinguntur
963 3254 1085 3317 tractari

67 3358 155 3435 licit,
180 3368 234 3421 aut
255 3358 314 3435 ita,
341 3367 429 3420 utre
451 3368 574 3423 narrata
597 3357 714 3440 aliqua,
739 3357 843 3440 quales
871 3357 951 3433 sint,
976 3355 1085 3420 intelli·
1176 3432 1181 3441 .

69 3471 191 3542 gantur,
215 3469 268 3523 eut
288 3459 351 3537 ita,
375 3471 408 3525 ut
422 3459 590 3524 imitatione
606 3456 692 3523 brevi
707 3458 840 3536 iniecta,
863 3459 894 3522 in
917 3459 1016 3542 aliquo
1039 3459 1085 3521 iu·

71 3562 143 3645 signi
158 3563 197 3626 ad
213 3562 398 3627 irridendum
415 3562 489 3627 vitio
504 3561 707 3648 reperiantur.
743 3561 787 3624 At
804 3561 835 3624 in
850 3571 977 3645 utroque
994 3580 1087 3645 geue·

74 3682 103 3726 re
118 3664 164 3729 vel
179 3664 364 3728 narrationis
379 3665 429 3730 vel
443 3663 619 3729 imitationis
642 3663 757 3727 oratori
773 3664 903 3728 maxime
920 3663 1086 3729 cavendam

83 3849 142 3903 issi.
161 3853 266 3905 titolum
284 3867 301 3904 a
318 3868 359 3904 me
376 3853 472 3906 editum
491 3854 573 3920 (spec.
592 3852 674 3920 epigr.
693 3869 718 3920 p.
738 3853 772 3906 38
790 3869 816 3906 n.
838 3851 911 3916 107)ι

342 3989 511 4042 causatis,
531 3988 639 4041 tvsott

275 4057 401 4112 MVTVS.
421 4057 591 4112 tuuvtvs.
610 4056 771 4111 tttt'rt'rott

230 4127 274 4181 rt.
295 4126 466 4180 causatus
485 4126 566 4180 AVG.
586 4127 653 4194 pvt.
677 4123 802 4179 Putttvtt

274 4195 422 4250 tuvnutr.
441 4195 646 4250 CAVSlDlCOS.
667 4193 804 4249 tttt'rtttt.

115 4331 140 4379 el
158 4334 260 4386 Peteon.
279 4333 330 4387 ὅθι
350 4334 439 4387 Parem
459 4351 509 4385 non
528 4335 620 4396 lubet,
639 4336 695 4387 sire
713 4333 838 4386 muliones
855 4333 939 4397 volet,
964 4335 1019 4385 sive
1038 4336 1089 4386 cir-

116 4401 232 4458 culatores
252 4403 360 4457 imitari.
379 4404 413 4456 el.
433 4419 455 4457 c.
477 4404 519 4456 69.
