<?xml version="1.0" encoding="UTF-8"?>
<!DOCTYPE html PUBLIC "-//W3C//DTD XHTML 1.0 Transitional//EN"
    "http://www.w3.org/TR/xhtml1/DTD/xhtml1-transitional.dtd">
<html xmlns="http://www.w3.org/1999/xhtml" xml:lang="en" lang="en">
 <head>
  <title>
</title>
<meta http-equiv="Content-Type" content="text/html;charset=utf-8" />
  <meta name='ocr-system' content='tesseract 3.04.00' />
  <meta name='ocr-capabilities' content='ocr_page ocr_carea ocr_par ocr_line ocrx_word'/>
</head>
<body>
  <div class='ocr_page' id='page_1' title='image "./satirarumliberc00jahngoog_0431.png"; bbox 0 0 2574 5054; ppageno 0'>
   <div class='ocr_carea' id='block_1_1' title="bbox 185 734 866 813">
    <p class='ocr_par' dir='ltr' id='par_1_1' title="bbox 185 734 866 813">
     <span class='ocr_line' id='line_1_1' title="bbox 185 734 866 813; baseline -0.006 -12"><span class='ocrx_word' id='word_1_1' title='bbox 185 734 249 803; x_wconf 71' lang='lat'>1⁹8</span> <span class='ocrx_word' id='word_1_2' title='bbox 522 738 606 801; x_wconf 79' lang='lat' dir='ltr'><strong>SAT.</strong></span> <span class='ocrx_word' id='word_1_3' title='bbox 622 741 659 813; x_wconf 87' lang='lat' dir='ltr'>V,</span> <span class='ocrx_word' id='word_1_4' title='bbox 676 743 866 805; x_wconf 83' lang='grc'><strong>116-116.</strong></span> 
     </span>
    </p>
   </div>
   <div class='ocr_carea' id='block_1_2' title="bbox 173 909 1204 4492">
    <p class='ocr_par' dir='ltr' id='par_1_2' title="bbox 173 909 1204 4492">
     <span class='ocr_line' id='line_1_2' title="bbox 181 909 1204 990; baseline 0.002 -22"><span class='ocrx_word' id='word_1_5' title='bbox 181 909 505 988; x_wconf 66' lang='grc' dir='ltr'>Ιςιιοιοιιιιι-ιιιιιίοἰ.“</span> <span class='ocrx_word' id='word_1_6' title='bbox 527 910 564 971; x_wconf 91' lang='lat' dir='ltr'>V.</span> <span class='ocrx_word' id='word_1_7' title='bbox 578 930 656 990; x_wconf 85' lang='lat' dir='ltr'>supr.</span> <span class='ocrx_word' id='word_1_8' title='bbox 673 932 701 971; x_wconf 88' lang='lat' dir='ltr'>v.</span> <span class='ocrx_word' id='word_1_9' title='bbox 717 915 769 975; x_wconf 90' lang='grc'>23.</span> <span class='ocrx_word' id='word_1_10' title='bbox 790 914 854 971; x_wconf 83' lang='lat' dir='ltr'>lam</span> <span class='ocrx_word' id='word_1_11' title='bbox 869 929 947 970; x_wconf 84' lang='lat' dir='ltr'>anne</span> <span class='ocrx_word' id='word_1_12' title='bbox 959 913 1126 990; x_wconf 77' lang='lat' dir='ltr'><em>astringas,</em></span> <span class='ocrx_word' id='word_1_13' title='bbox 1142 913 1204 970; x_wconf 73' lang='lat' dir='ltr'>absa</span> 
     </span>
     <span class='ocr_line' id='line_1_3' title="bbox 180 995 1202 1077; baseline 0.004 -22"><span class='ocrx_word' id='word_1_14' title='bbox 180 1014 260 1055; x_wconf 82' lang='lat' dir='ltr'>nane</span> <span class='ocrx_word' id='word_1_15' title='bbox 278 997 428 1073; x_wconf 79' lang='lat' dir='ltr'>granaria</span> <span class='ocrx_word' id='word_1_16' title='bbox 442 997 546 1068; x_wconf 77' lang='lat' dir='ltr'>lomes,</span> <span class='ocrx_word' id='word_1_17' title='bbox 563 995 637 1077; x_wconf 92' lang='lat' dir='ltr'>quod</span> <span class='ocrx_word' id='word_1_18' title='bbox 651 997 803 1076; x_wconf 77' lang='lat' dir='ltr'><strong>simplicius</strong></span> <span class='ocrx_word' id='word_1_19' title='bbox 818 995 931 1056; x_wconf 80' lang='lat' dir='ltr'>Seneca</span> <span class='ocrx_word' id='word_1_20' title='bbox 948 1003 1024 1075; x_wconf 88' lang='lat' dir='ltr'>(app.</span> <span class='ocrx_word' id='word_1_21' title='bbox 1033 996 1136 1068; x_wconf 84' lang='lat' dir='ltr'>xc1v‚</span> <span class='ocrx_word' id='word_1_22' title='bbox 1144 1000 1202 1068; x_wconf 91' lang='grc'>23)</span> 
     </span>
     <span class='ocr_line' id='line_1_4' title="bbox 181 1079 1203 1160; baseline 0.003 -21"><span class='ocrx_word' id='word_1_23' title='bbox 181 1079 266 1140; x_wconf 79' lang='lat' dir='ltr'>dleita</span> <span class='ocrx_word' id='word_1_24' title='bbox 294 1080 387 1154; x_wconf 85' lang='lat' dir='ltr'>„Puta</span> <span class='ocrx_word' id='word_1_25' title='bbox 409 1083 483 1140; x_wconf 88' lang='lat' dir='ltr'>euim</span> <span class='ocrx_word' id='word_1_26' title='bbox 505 1083 652 1141; x_wconf 84' lang='lat' dir='ltr'>avaritiam</span> <span class='ocrx_word' id='word_1_27' title='bbox 668 1083 839 1153; x_wconf 70' lang='lat' dir='ltr'><strong>relaxatam,</strong></span> <span class='ocrx_word' id='word_1_28' title='bbox 862 1093 928 1160; x_wconf 86' lang='lat' dir='ltr'>puta</span> <span class='ocrx_word' id='word_1_29' title='bbox 947 1081 1110 1142; x_wconf 76' lang='lat' dir='ltr'><strong>adstrictam</strong></span> <span class='ocrx_word' id='word_1_30' title='bbox 1132 1101 1203 1142; x_wconf 86' lang='lat' dir='ltr'>essa</span> 
     </span>
     <span class='ocr_line' id='line_1_5' title="bbox 181 1165 1202 1250; baseline 0.002 -25"><span class='ocrx_word' id='word_1_31' title='bbox 181 1166 354 1226; x_wconf 80' lang='lat' dir='ltr'>luxuriam‘·</span> <span class='ocrx_word' id='word_1_32' title='bbox 376 1167 474 1228; x_wconf 86' lang='lat' dir='ltr'>Verba</span> <span class='ocrx_word' id='word_1_33' title='bbox 489 1165 526 1228; x_wconf 83' lang='lat' dir='ltr'>de</span> <span class='ocrx_word' id='word_1_34' title='bbox 540 1168 628 1227; x_wconf 82' lang='lat' dir='ltr'>issula</span> <span class='ocrx_word' id='word_1_35' title='bbox 641 1170 742 1228; x_wconf 80' lang='lat' dir='ltr'>usitata</span> <span class='ocrx_word' id='word_1_36' title='bbox 759 1169 809 1242; x_wconf 85' lang='lat' dir='ltr'>(el.</span> <span class='ocrx_word' id='word_1_37' title='bbox 824 1166 921 1227; x_wconf 82' lang='lat' dir='ltr'>Sidon.</span> <span class='ocrx_word' id='word_1_38' title='bbox 937 1167 1032 1247; x_wconf 83' lang='lat' dir='ltr'>Apoll.</span> <span class='ocrx_word' id='word_1_39' title='bbox 1046 1186 1110 1250; x_wconf 89' lang='lat' dir='ltr'>epp.</span> <span class='ocrx_word' id='word_1_40' title='bbox 1124 1166 1202 1240; x_wconf 82' lang='lat' dir='ltr'>VIII,</span> 
     </span>
     <span class='ocr_line' id='line_1_6' title="bbox 182 1250 1203 1333; baseline -0.002 -19"><span class='ocrx_word' id='word_1_41' title='bbox 182 1254 312 1331; x_wconf 76' lang='lat' dir='ltr'>aptat</span> <span class='ocrx_word' id='word_1_42' title='bbox 327 1250 412 1311; x_wconf 71' lang='lat' dir='ltr'>Saus</span> <span class='ocrx_word' id='word_1_43' title='bbox 433 1251 490 1312; x_wconf 89' lang='lat' dir='ltr'>Vel</span> <span class='ocrx_word' id='word_1_44' title='bbox 505 1253 618 1313; x_wconf 87' lang='lat' dir='ltr'>silautio</span> <span class='ocrx_word' id='word_1_45' title='bbox 633 1273 678 1313; x_wconf 88' lang='lat' dir='ltr'>me</span> <span class='ocrx_word' id='word_1_46' title='bbox 694 1253 755 1312; x_wconf 88' lang='lat' dir='ltr'>lora</span> <span class='ocrx_word' id='word_1_47' title='bbox 770 1254 886 1325; x_wconf 84' lang='lat' dir='ltr'>laxare,</span> <span class='ocrx_word' id='word_1_48' title='bbox 901 1252 948 1312; x_wconf 90' lang='lat' dir='ltr'>vel</span> <span class='ocrx_word' id='word_1_49' title='bbox 959 1254 1102 1333; x_wconf 75' lang='lat' dir='ltr'>stringere</span> <span class='ocrx_word' id='word_1_50' title='bbox 1117 1254 1203 1313; x_wconf 83' lang='lat' dir='ltr'>irena</span> 
     </span>
     <span class='ocr_line' id='line_1_7' title="bbox 179 1335 1202 1419; baseline 0.002 -24"><span class='ocrx_word' id='word_1_51' title='bbox 179 1339 310 1414; x_wconf 75' lang='lat' dir='ltr'>garritui)</span> <span class='ocrx_word' id='word_1_52' title='bbox 327 1335 461 1396; x_wconf 82' lang='lat' dir='ltr'>audacius</span> <span class='ocrx_word' id='word_1_53' title='bbox 477 1335 512 1397; x_wconf 90' lang='lat' dir='ltr'>ad</span> <span class='ocrx_word' id='word_1_54' title='bbox 524 1340 673 1416; x_wconf 75' lang='lat' dir='ltr'>grassaris</span> <span class='ocrx_word' id='word_1_55' title='bbox 688 1339 846 1408; x_wconf 72' lang='lat' dir='ltr'><strong>transtulit,</strong></span> <span class='ocrx_word' id='word_1_56' title='bbox 861 1357 933 1419; x_wconf 88' lang='lat' dir='ltr'>quae</span> <span class='ocrx_word' id='word_1_57' title='bbox 947 1358 1075 1417; x_wconf 77' lang='lat' dir='ltr'>maguam</span> <span class='ocrx_word' id='word_1_58' title='bbox 1089 1340 1202 1418; x_wconf 81' lang='lat' dir='ltr'>sopiam</span> 
     </span>
     <span class='ocr_line' id='line_1_8' title="bbox 180 1422 1202 1501; baseline 0.001 -20"><span class='ocrx_word' id='word_1_59' title='bbox 180 1423 340 1501; x_wconf 79' lang='lat' dir='ltr'>significant</span> <span class='ocrx_word' id='word_1_60' title='bbox 361 1422 424 1496; x_wconf 86' lang='lat' dir='ltr'>(VI,</span> <span class='ocrx_word' id='word_1_61' title='bbox 438 1427 503 1496; x_wconf 94' lang='grc'><strong>25).</strong></span> <span class='ocrx_word' id='word_1_62' title='bbox 533 1422 683 1484; x_wconf 76' lang='lat' dir='ltr'>Pecuniam</span> <span class='ocrx_word' id='word_1_63' title='bbox 706 1425 746 1484; x_wconf 88' lang='lat' dir='ltr'>ita</span> <span class='ocrx_word' id='word_1_64' title='bbox 768 1426 942 1496; x_wconf 81' lang='lat' dir='ltr'>contemnis,</span> <span class='ocrx_word' id='word_1_65' title='bbox 964 1434 994 1483; x_wconf 92' lang='lat' dir='ltr'>ut</span> <span class='ocrx_word' id='word_1_66' title='bbox 1012 1444 1151 1484; x_wconf 83' lang='lat' dir='ltr'>nummum</span> <span class='ocrx_word' id='word_1_67' title='bbox 1169 1425 1202 1482; x_wconf 89' lang='lat' dir='ltr'>iu</span> 
     </span>
     <span class='ocr_line' id='line_1_9' title="bbox 179 1508 1201 1589; baseline -0.002 -20"><span class='ocrx_word' id='word_1_68' title='bbox 179 1517 257 1569; x_wconf 84' lang='lat' dir='ltr'>tarra</span> <span class='ocrx_word' id='word_1_69' title='bbox 279 1509 420 1568; x_wconf 88' lang='lat' dir='ltr'>iaoeutem</span> <span class='ocrx_word' id='word_1_70' title='bbox 440 1511 503 1569; x_wconf 87' lang='lat' dir='ltr'>siue</span> <span class='ocrx_word' id='word_1_71' title='bbox 523 1508 677 1588; x_wconf 88' lang='lat' dir='ltr'>eupiditate</span> <span class='ocrx_word' id='word_1_72' title='bbox 697 1528 761 1569; x_wconf 90' lang='lat' dir='ltr'>eum</span> <span class='ocrx_word' id='word_1_73' title='bbox 782 1508 898 1569; x_wconf 89' lang='lat' dir='ltr'>tollendi</span> <span class='ocrx_word' id='word_1_74' title='bbox 921 1511 1078 1587; x_wconf 84' lang='lat' dir='ltr'>praeterire</span> <span class='ocrx_word' id='word_1_75' title='bbox 1093 1509 1201 1589; x_wconf 87' lang='lat' dir='ltr'>possis.</span> 
     </span>
     <span class='ocr_line' id='line_1_10' title="bbox 179 1591 1202 1675; baseline 0 -23"><span class='ocrx_word' id='word_1_76' title='bbox 179 1591 287 1653; x_wconf 83' lang='lat' dir='ltr'>Eodem</span> <span class='ocrx_word' id='word_1_77' title='bbox 303 1595 432 1673; x_wconf 84' lang='lat' dir='ltr'>exemplo</span> <span class='ocrx_word' id='word_1_78' title='bbox 448 1596 535 1655; x_wconf 87' lang='lat' dir='ltr'>utitur</span> <span class='ocrx_word' id='word_1_79' title='bbox 550 1595 681 1655; x_wconf 84' lang='lat' dir='ltr'>Horatius</span> <span class='ocrx_word' id='word_1_80' title='bbox 698 1604 774 1675; x_wconf 89' lang='lat' dir='ltr'>(epp.</span> <span class='ocrx_word' id='word_1_81' title='bbox 790 1595 813 1667; x_wconf 94' lang='lat' dir='ltr'>I,</span> <span class='ocrx_word' id='word_1_82' title='bbox 830 1599 880 1667; x_wconf 99' lang='grc'>16,</span> <span class='ocrx_word' id='word_1_83' title='bbox 896 1598 936 1658; x_wconf 94' lang='grc'>63</span> <span class='ocrx_word' id='word_1_84' title='bbox 950 1602 1043 1675; x_wconf 82' lang='lat' dir='ltr'>sqq.)=</span> <span class='ocrx_word' id='word_1_85' title='bbox 1074 1594 1151 1669; x_wconf 81' lang='lat' dir='ltr'>„Qui</span> <span class='ocrx_word' id='word_1_86' title='bbox 1165 1592 1202 1653; x_wconf 89' lang='lat' dir='ltr'>li·</span> 
     </span>
     <span class='ocr_line' id='line_1_11' title="bbox 178 1679 1202 1753; baseline 0.001 -15"><span class='ocrx_word' id='word_1_87' title='bbox 178 1679 275 1739; x_wconf 80' lang='lat' dir='ltr'>berInr</span> <span class='ocrx_word' id='word_1_88' title='bbox 295 1682 333 1739; x_wconf 87' lang='lat' dir='ltr'>sit</span> <span class='ocrx_word' id='word_1_89' title='bbox 352 1701 473 1753; x_wconf 87' lang='lat' dir='ltr'>avarus,</span> <span class='ocrx_word' id='word_1_90' title='bbox 495 1681 525 1740; x_wconf 94' lang='lat' dir='ltr'>Iu</span> <span class='ocrx_word' id='word_1_91' title='bbox 547 1681 638 1740; x_wconf 85' lang='lat' dir='ltr'>triviis</span> <span class='ocrx_word' id='word_1_92' title='bbox 660 1681 743 1740; x_wconf 83' lang='lat' dir='ltr'>fixum</span> <span class='ocrx_word' id='word_1_93' title='bbox 765 1701 826 1741; x_wconf 89' lang='lat' dir='ltr'>eum</span> <span class='ocrx_word' id='word_1_94' title='bbox 848 1701 880 1741; x_wconf 84' lang='lat' dir='ltr'>se</span> <span class='ocrx_word' id='word_1_95' title='bbox 901 1680 1022 1740; x_wconf 87' lang='lat' dir='ltr'>demittit</span> <span class='ocrx_word' id='word_1_96' title='bbox 1043 1681 1079 1741; x_wconf 91' lang='lat' dir='ltr'>ob</span> <span class='ocrx_word' id='word_1_97' title='bbox 1094 1699 1202 1753; x_wconf 84' lang='lat' dir='ltr'>assem,</span> 
     </span>
     <span class='ocr_line' id='line_1_12' title="bbox 178 1763 1201 1847; baseline 0.003 -22"><span class='ocrx_word' id='word_1_98' title='bbox 178 1763 366 1825; x_wconf 66' lang='lat' dir='ltr'>Nonniacus*</span> <span class='ocrx_word' id='word_1_99' title='bbox 388 1767 502 1826; x_wconf 85' lang='lat' dir='ltr'>Fortius</span> <span class='ocrx_word' id='word_1_100' title='bbox 518 1769 602 1826; x_wconf 87' lang='lat' dir='ltr'>stiam</span> <span class='ocrx_word' id='word_1_101' title='bbox 617 1767 701 1826; x_wconf 86' lang='lat' dir='ltr'>bomo</span> <span class='ocrx_word' id='word_1_102' title='bbox 716 1764 752 1826; x_wconf 90' lang='lat' dir='ltr'>de</span> <span class='ocrx_word' id='word_1_103' title='bbox 767 1765 850 1846; x_wconf 82' lang='lat' dir='ltr'>plebe</span> <span class='ocrx_word' id='word_1_104' title='bbox 865 1765 937 1847; x_wconf 86' lang='lat' dir='ltr'>apud</span> <span class='ocrx_word' id='word_1_105' title='bbox 953 1766 1115 1827; x_wconf 85' lang='lat' dir='ltr'>Petronium</span> <span class='ocrx_word' id='word_1_106' title='bbox 1132 1770 1201 1841; x_wconf 94' lang='grc'>(43)</span> 
     </span>
     <span class='ocr_line' id='line_1_13' title="bbox 179 1848 1203 1933; baseline 0.001 -24"><span class='ocrx_word' id='word_1_107' title='bbox 179 1848 214 1912; x_wconf 86' lang='lat' dir='ltr'>de</span> <span class='ocrx_word' id='word_1_108' title='bbox 229 1872 333 1912; x_wconf 82' lang='lat' dir='ltr'>avaro:</span> <span class='ocrx_word' id='word_1_109' title='bbox 356 1851 497 1925; x_wconf 85' lang='lat' dir='ltr'>„Paratus</span> <span class='ocrx_word' id='word_1_110' title='bbox 520 1853 573 1912; x_wconf 83' lang='lat' dir='ltr'>luit</span> <span class='ocrx_word' id='word_1_111' title='bbox 593 1850 774 1933; x_wconf 75' lang='lat' dir='ltr'>quadrantem</span> <span class='ocrx_word' id='word_1_112' title='bbox 790 1852 826 1912; x_wconf 91' lang='lat' dir='ltr'>de</span> <span class='ocrx_word' id='word_1_113' title='bbox 843 1863 972 1913; x_wconf 82' lang='lat' dir='ltr'>stercore</span> <span class='ocrx_word' id='word_1_114' title='bbox 987 1852 1128 1912; x_wconf 85' lang='lat' dir='ltr'>mordicus</span> <span class='ocrx_word' id='word_1_115' title='bbox 1144 1851 1203 1910; x_wconf 90' lang='lat' dir='ltr'>tol·</span> 
     </span>
     <span class='ocr_line' id='line_1_14' title="bbox 178 1927 1203 2017; baseline 0.002 -21"><span class='ocrx_word' id='word_1_116' title='bbox 178 1935 271 1997; x_wconf 60' lang='lat' dir='ltr'>leret⁴</span> <span class='ocrx_word' id='word_1_117' title='bbox 297 1938 397 2010; x_wconf 86' lang='lat' dir='ltr'>Glnto,</span> <span class='ocrx_word' id='word_1_118' title='bbox 414 1938 539 2016; x_wconf 79' lang='lat' dir='ltr'>gulosus,</span> <span class='ocrx_word' id='word_1_119' title='bbox 555 1938 593 1997; x_wconf 84' lang='lat' dir='ltr'>ef.</span> <span class='ocrx_word' id='word_1_120' title='bbox 611 1936 704 1998; x_wconf 86' lang='lat' dir='ltr'>Gloss.</span> <span class='ocrx_word' id='word_1_121' title='bbox 722 1936 821 2017; x_wconf 86' lang='lat' dir='ltr'>Stepb.</span> <span class='ocrx_word' id='word_1_122' title='bbox 837 1959 865 2016; x_wconf 83' lang='lat' dir='ltr'>p.</span> <span class='ocrx_word' id='word_1_123' title='bbox 883 1940 960 2000; x_wconf 80' lang='lat'>1⁰5:</span> <span class='ocrx_word' id='word_1_124' title='bbox 981 1939 1079 2017; x_wconf 85' lang='lat' dir='ltr'>gluto,</span> <span class='ocrx_word' id='word_1_125' title='bbox 1095 1927 1203 2016; x_wconf 74' lang='grc' dir='ltr'>λιμβός</span> 
     </span>
     <span class='ocr_line' id='line_1_15' title="bbox 178 2021 1201 2102; baseline 0 -21"><span class='ocrx_word' id='word_1_126' title='bbox 178 2021 214 2082; x_wconf 86' lang='lat' dir='ltr'>el.</span> <span class='ocrx_word' id='word_1_127' title='bbox 229 2021 335 2082; x_wconf 86' lang='lat' dir='ltr'>Lareb.</span> <span class='ocrx_word' id='word_1_128' title='bbox 352 2022 387 2082; x_wconf 86' lang='lat' dir='ltr'>ad</span> <span class='ocrx_word' id='word_1_129' title='bbox 403 2023 502 2084; x_wconf 84' lang='lat' dir='ltr'>Orion.</span> <span class='ocrx_word' id='word_1_130' title='bbox 520 2035 609 2102; x_wconf 77' lang='lat' dir='ltr'>etym.</span> <span class='ocrx_word' id='word_1_131' title='bbox 626 2043 655 2102; x_wconf 87' lang='lat' dir='ltr'>p.</span> <span class='ocrx_word' id='word_1_132' title='bbox 671 2027 723 2086; x_wconf 74' lang='lat'>05.</span> <span class='ocrx_word' id='word_1_133' title='bbox 753 2025 885 2082; x_wconf 83' lang='lat' dir='ltr'>Sulionm</span> <span class='ocrx_word' id='word_1_134' title='bbox 904 2025 1027 2083; x_wconf 85' lang='lat' dir='ltr'>sorbere</span> <span class='ocrx_word' id='word_1_135' title='bbox 1048 2023 1152 2084; x_wconf 83' lang='lat' dir='ltr'>dicitur</span> <span class='ocrx_word' id='word_1_136' title='bbox 1173 2025 1201 2081; x_wconf 90' lang='lat' dir='ltr'>is</span> 
     </span>
     <span class='ocr_line' id='line_1_16' title="bbox 178 2106 1199 2189; baseline 0.002 -23"><span class='ocrx_word' id='word_1_137' title='bbox 178 2108 225 2187; x_wconf 87' lang='lat' dir='ltr'>qui</span> <span class='ocrx_word' id='word_1_138' title='bbox 241 2106 351 2168; x_wconf 76' lang='lat' dir='ltr'>ardenti</span> <span class='ocrx_word' id='word_1_139' title='bbox 367 2111 492 2188; x_wconf 83' lang='lat' dir='ltr'>appetilu</span> <span class='ocrx_word' id='word_1_140' title='bbox 508 2111 659 2181; x_wconf 85' lang='lat' dir='ltr'>incitatur,</span> <span class='ocrx_word' id='word_1_141' title='bbox 681 2107 755 2168; x_wconf 86' lang='lat' dir='ltr'>uude</span> <span class='ocrx_word' id='word_1_142' title='bbox 771 2109 885 2168; x_wconf 77' lang='lat' dir='ltr'>saliuam</span> <span class='ocrx_word' id='word_1_143' title='bbox 902 2129 1017 2170; x_wconf 87' lang='lat' dir='ltr'>movere</span> <span class='ocrx_word' id='word_1_144' title='bbox 1034 2109 1115 2182; x_wconf 88' lang='lat' dir='ltr'>(Seu.</span> <span class='ocrx_word' id='word_1_145' title='bbox 1131 2128 1199 2189; x_wconf 89' lang='lat' dir='ltr'>epp.</span> 
     </span>
     <span class='ocr_line' id='line_1_17' title="bbox 177 2191 1201 2268; baseline 0.001 -16"><span class='ocrx_word' id='word_1_146' title='bbox 177 2191 310 2264; x_wconf 80' lang='lat' dir='ltr'>LXXIX,</span> <span class='ocrx_word' id='word_1_147' title='bbox 327 2198 377 2267; x_wconf 90' lang='grc'>6),</span> <span class='ocrx_word' id='word_1_148' title='bbox 392 2193 427 2253; x_wconf 85' lang='lat' dir='ltr'>ad</span> <span class='ocrx_word' id='word_1_149' title='bbox 443 2195 557 2262; x_wconf 83' lang='lat' dir='ltr'>salivam</span> <span class='ocrx_word' id='word_1_150' title='bbox 573 2195 672 2255; x_wconf 85' lang='lat' dir='ltr'>iacere</span> <span class='ocrx_word' id='word_1_151' title='bbox 688 2192 814 2268; x_wconf 81' lang='lat' dir='ltr'>(Patron.</span> <span class='ocrx_word' id='word_1_152' title='bbox 830 2198 902 2267; x_wconf 80' lang='grc'>48);</span> <span class='ocrx_word' id='word_1_153' title='bbox 924 2195 965 2254; x_wconf 88' lang='lat' dir='ltr'>el.</span> <span class='ocrx_word' id='word_1_154' title='bbox 982 2193 1033 2267; x_wconf 90' lang='lat' dir='ltr'>VI,</span> <span class='ocrx_word' id='word_1_155' title='bbox 1048 2198 1100 2258; x_wconf 95' lang='grc'><strong>24.</strong></span> <span class='ocrx_word' id='word_1_156' title='bbox 1114 2195 1201 2253; x_wconf 80' lang='lat' dir='ltr'>Mer-</span> 
     </span>
     <span class='ocr_line' id='line_1_18' title="bbox 178 2277 1201 2359; baseline 0.001 -22"><span class='ocrx_word' id='word_1_157' title='bbox 178 2281 302 2339; x_wconf 79' lang='lat' dir='ltr'>curialis</span> <span class='ocrx_word' id='word_1_158' title='bbox 317 2291 435 2339; x_wconf 83' lang='lat' dir='ltr'>vocatur</span> <span class='ocrx_word' id='word_1_159' title='bbox 450 2299 485 2340; x_wconf 86' lang='lat' dir='ltr'>aa</span> <span class='ocrx_word' id='word_1_160' title='bbox 500 2281 604 2350; x_wconf 86' lang='lat' dir='ltr'>saliva,</span> <span class='ocrx_word' id='word_1_161' title='bbox 628 2280 693 2359; x_wconf 87' lang='lat' dir='ltr'>qnia</span> <span class='ocrx_word' id='word_1_162' title='bbox 707 2299 762 2338; x_wconf 89' lang='lat' dir='ltr'>uou</span> <span class='ocrx_word' id='word_1_163' title='bbox 778 2279 922 2352; x_wconf 83' lang='lat' dir='ltr'>ciborum,</span> <span class='ocrx_word' id='word_1_164' title='bbox 938 2277 988 2339; x_wconf 82' lang='lat' dir='ltr'>sed</span> <span class='ocrx_word' id='word_1_165' title='bbox 1004 2280 1074 2339; x_wconf 89' lang='lat' dir='ltr'>lueri</span> <span class='ocrx_word' id='word_1_166' title='bbox 1089 2278 1201 2359; x_wconf 85' lang='lat' dir='ltr'>cupidi·</span> 
     </span>
     <span class='ocr_line' id='line_1_19' title="bbox 177 2363 1201 2439; baseline 0.001 -17"><span class='ocrx_word' id='word_1_167' title='bbox 177 2374 236 2424; x_wconf 88' lang='lat' dir='ltr'>tate</span> <span class='ocrx_word' id='word_1_168' title='bbox 251 2376 390 2437; x_wconf 86' lang='lat' dir='ltr'>movetur,</span> <span class='ocrx_word' id='word_1_169' title='bbox 406 2365 476 2424; x_wconf 86' lang='lat' dir='ltr'>lucri</span> <span class='ocrx_word' id='word_1_170' title='bbox 492 2375 585 2425; x_wconf 86' lang='lat' dir='ltr'>autam</span> <span class='ocrx_word' id='word_1_171' title='bbox 600 2363 671 2425; x_wconf 89' lang='lat' dir='ltr'>deus</span> <span class='ocrx_word' id='word_1_172' title='bbox 687 2378 732 2424; x_wconf 77' lang='lat' dir='ltr'>est</span> <span class='ocrx_word' id='word_1_173' title='bbox 745 2364 903 2424; x_wconf 83' lang='lat' dir='ltr'>Mercurius</span> <span class='ocrx_word' id='word_1_174' title='bbox 920 2364 968 2439; x_wconf 88' lang='lat' dir='ltr'>(ad</span> <span class='ocrx_word' id='word_1_175' title='bbox 982 2364 1017 2436; x_wconf 90' lang='lat' dir='ltr'>II,</span> <span class='ocrx_word' id='word_1_176' title='bbox 1032 2370 1097 2436; x_wconf 87' lang='grc'>44).</span> <span class='ocrx_word' id='word_1_177' title='bbox 1114 2363 1201 2424; x_wconf 80' lang='lat' dir='ltr'>simi·</span> 
     </span>
     <span class='ocr_line' id='line_1_20' title="bbox 177 2448 1198 2531; baseline 0.002 -23"><span class='ocrx_word' id='word_1_178' title='bbox 177 2448 244 2508; x_wconf 87' lang='lat' dir='ltr'>liter</span> <span class='ocrx_word' id='word_1_179' title='bbox 257 2449 441 2511; x_wconf 76' lang='lat' dir='ltr'>Mercuriales</span> <span class='ocrx_word' id='word_1_180' title='bbox 456 2462 594 2510; x_wconf 83' lang='lat' dir='ltr'>vocantur</span> <span class='ocrx_word' id='word_1_181' title='bbox 608 2452 654 2531; x_wconf 91' lang='lat' dir='ltr'>qni</span> <span class='ocrx_word' id='word_1_182' title='bbox 670 2450 750 2510; x_wconf 89' lang='lat' dir='ltr'>luero</span> <span class='ocrx_word' id='word_1_183' title='bbox 763 2451 864 2509; x_wconf 88' lang='lat' dir='ltr'>intenti</span> <span class='ocrx_word' id='word_1_184' title='bbox 878 2461 1057 2522; x_wconf 87' lang='lat' dir='ltr'>mereantur,</span> <span class='ocrx_word' id='word_1_185' title='bbox 1073 2451 1113 2512; x_wconf 83' lang='lat' dir='ltr'>ei.</span> <span class='ocrx_word' id='word_1_186' title='bbox 1127 2451 1198 2510; x_wconf 84' lang='lat' dir='ltr'>Ilor.</span> 
     </span>
     <span class='ocr_line' id='line_1_21' title="bbox 178 2533 1199 2608; baseline 0.004 -15"><span class='ocrx_word' id='word_1_187' title='bbox 178 2543 233 2594; x_wconf 82' lang='lat' dir='ltr'>sat.</span> <span class='ocrx_word' id='word_1_188' title='bbox 259 2534 293 2607; x_wconf 94' lang='lat' dir='ltr'>II,</span> <span class='ocrx_word' id='word_1_189' title='bbox 317 2539 346 2606; x_wconf 97' lang='grc'>3,</span> <span class='ocrx_word' id='word_1_190' title='bbox 370 2539 411 2597; x_wconf 90' lang='grc'><strong>25</strong></span> <span class='ocrx_word' id='word_1_191' title='bbox 432 2536 473 2595; x_wconf 84' lang='grc'><strong>15.</strong></span> <span class='ocrx_word' id='word_1_192' title='bbox 500 2533 611 2596; x_wconf 86' lang='lat' dir='ltr'>Ileiudi.</span> <span class='ocrx_word' id='word_1_193' title='bbox 647 2538 729 2594; x_wconf 82' lang='lat' dir='ltr'>Haeo</span> <span class='ocrx_word' id='word_1_194' title='bbox 747 2554 810 2594; x_wconf 84' lang='lat' dir='ltr'>msa</span> <span class='ocrx_word' id='word_1_195' title='bbox 830 2545 917 2608; x_wconf 84' lang='lat' dir='ltr'>sunt,</span> <span class='ocrx_word' id='word_1_196' title='bbox 940 2555 978 2595; x_wconf 85' lang='lat' dir='ltr'>ex</span> <span class='ocrx_word' id='word_1_197' title='bbox 993 2536 1111 2595; x_wconf 88' lang='lat' dir='ltr'>lormula</span> <span class='ocrx_word' id='word_1_198' title='bbox 1126 2538 1199 2597; x_wconf 82' lang='lat' dir='ltr'>iuris</span> 
     </span>
     <span class='ocr_line' id='line_1_22' title="bbox 179 2619 1197 2698; baseline 0.002 -18"><span class='ocrx_word' id='word_1_199' title='bbox 179 2620 272 2698; x_wconf 82' lang='lat' dir='ltr'>(Virg.</span> <span class='ocrx_word' id='word_1_200' title='bbox 289 2620 350 2680; x_wconf 83' lang='lat' dir='ltr'>Eel.</span> <span class='ocrx_word' id='word_1_201' title='bbox 366 2620 416 2692; x_wconf 94' lang='lat' dir='ltr'>IX,</span> <span class='ocrx_word' id='word_1_202' title='bbox 432 2626 462 2682; x_wconf 93' lang='grc'>4.</span> <span class='ocrx_word' id='word_1_203' title='bbox 480 2619 608 2680; x_wconf 85' lang='lat' dir='ltr'>Brisaou.</span> <span class='ocrx_word' id='word_1_204' title='bbox 625 2619 660 2680; x_wconf 91' lang='lat' dir='ltr'>de</span> <span class='ocrx_word' id='word_1_205' title='bbox 677 2621 759 2680; x_wconf 85' lang='lat' dir='ltr'>iorm.</span> <span class='ocrx_word' id='word_1_206' title='bbox 776 2620 814 2691; x_wconf 93' lang='lat' dir='ltr'>V,</span> <span class='ocrx_word' id='word_1_207' title='bbox 833 2624 882 2693; x_wconf 85' lang='grc'>19)</span> <span class='ocrx_word' id='word_1_208' title='bbox 899 2641 963 2680; x_wconf 84' lang='lat' dir='ltr'>oum</span> <span class='ocrx_word' id='word_1_209' title='bbox 984 2640 1054 2680; x_wconf 84' lang='lat' dir='ltr'>uere</span> <span class='ocrx_word' id='word_1_210' title='bbox 1069 2623 1197 2694; x_wconf 61' lang='lat' dir='ltr'>arama,</span> 
     </span>
     <span class='ocr_line' id='line_1_23' title="bbox 177 2704 1198 2786; baseline 0.004 -23"><span class='ocrx_word' id='word_1_211' title='bbox 177 2715 238 2764; x_wconf 87' lang='lat' dir='ltr'>esto</span> <span class='ocrx_word' id='word_1_212' title='bbox 260 2707 393 2784; x_wconf 81' lang='lat' dir='ltr'>liberque</span> <span class='ocrx_word' id='word_1_213' title='bbox 408 2726 445 2766; x_wconf 85' lang='lat' dir='ltr'>oo</span> <span class='ocrx_word' id='word_1_214' title='bbox 458 2709 594 2784; x_wconf 68' lang='lat' dir='ltr'>sapiens,</span> <span class='ocrx_word' id='word_1_215' title='bbox 621 2707 685 2786; x_wconf 87' lang='lat' dir='ltr'>quia</span> <span class='ocrx_word' id='word_1_216' title='bbox 701 2704 853 2767; x_wconf 87' lang='lat' dir='ltr'>seeundum</span> <span class='ocrx_word' id='word_1_217' title='bbox 868 2709 975 2766; x_wconf 74' lang='lat' dir='ltr'>aloidas</span> <span class='ocrx_word' id='word_1_218' title='bbox 992 2706 1068 2766; x_wconf 88' lang='lat' dir='ltr'>solus</span> <span class='ocrx_word' id='word_1_219' title='bbox 1082 2709 1198 2785; x_wconf 81' lang='lat' dir='ltr'>sapiens</span> 
     </span>
     <span class='ocr_line' id='line_1_24' title="bbox 176 2789 1198 2866; baseline 0.006 -17"><span class='ocrx_word' id='word_1_220' title='bbox 176 2789 327 2863; x_wconf 81' lang='lat' dir='ltr'>liberast,</span> <span class='ocrx_word' id='word_1_221' title='bbox 347 2792 538 2864; x_wconf 80' lang='lat' dir='ltr'>praetoribus</span> <span class='ocrx_word' id='word_1_222' title='bbox 553 2791 662 2851; x_wconf 86' lang='lat' dir='ltr'>dextris</span> <span class='ocrx_word' id='word_1_223' title='bbox 679 2798 718 2865; x_wconf 83' lang='lat' dir='ltr'>(v.</span> <span class='ocrx_word' id='word_1_224' title='bbox 732 2795 785 2866; x_wconf 88' lang='grc'>43)</span> <span class='ocrx_word' id='word_1_225' title='bbox 802 2802 833 2850; x_wconf 88' lang='lat' dir='ltr'>et</span> <span class='ocrx_word' id='word_1_226' title='bbox 853 2794 923 2850; x_wconf 86' lang='lat' dir='ltr'>loos</span> <span class='ocrx_word' id='word_1_227' title='bbox 938 2794 1044 2850; x_wconf 73' lang='lat' dir='ltr'>dextro</span> <span class='ocrx_word' id='word_1_228' title='bbox 1068 2792 1115 2865; x_wconf 88' lang='lat' dir='ltr'>(II,</span> <span class='ocrx_word' id='word_1_229' title='bbox 1134 2798 1198 2865; x_wconf 90' lang='lat' dir='ltr'>ll),</span> 
     </span>
     <span class='ocr_line' id='line_1_25' title="bbox 177 2874 1198 2960; baseline 0.002 -26"><span class='ocrx_word' id='word_1_230' title='bbox 177 2876 224 2954; x_wconf 91' lang='lat' dir='ltr'>qui</span> <span class='ocrx_word' id='word_1_231' title='bbox 240 2876 400 2949; x_wconf 84' lang='lat' dir='ltr'>liberator,</span> <span class='ocrx_word' id='word_1_232' title='bbox 425 2874 596 2960; x_wconf 74' lang='grc' dir='ltr'>ἐλευθέριος</span> <span class='ocrx_word' id='word_1_233' title='bbox 610 2877 765 2936; x_wconf 84' lang='lat' dir='ltr'>vocabatur</span> <span class='ocrx_word' id='word_1_234' title='bbox 781 2877 862 2949; x_wconf 83' lang='lat' dir='ltr'>(Tac.</span> <span class='ocrx_word' id='word_1_235' title='bbox 877 2877 953 2936; x_wconf 80' lang='lat' dir='ltr'>Anu.</span> <span class='ocrx_word' id='word_1_236' title='bbox 968 2876 1033 2948; x_wconf 87' lang='lat' dir='ltr'>XV,</span> <span class='ocrx_word' id='word_1_237' title='bbox 1049 2882 1101 2940; x_wconf 90' lang='grc'>64.</span> <span class='ocrx_word' id='word_1_238' title='bbox 1118 2878 1198 2950; x_wconf 87' lang='lat' dir='ltr'>XVI,</span> 
     </span>
     <span class='ocr_line' id='line_1_26' title="bbox 177 2960 1200 3042; baseline -0.001 -18"><span class='ocrx_word' id='word_1_239' title='bbox 177 2965 229 3024; x_wconf 87' lang='grc'>34.</span> <span class='ocrx_word' id='word_1_240' title='bbox 253 2960 349 3020; x_wconf 88' lang='lat' dir='ltr'>Sebol.</span> <span class='ocrx_word' id='word_1_241' title='bbox 364 2962 422 3022; x_wconf 89' lang='lat' dir='ltr'>Iuv.</span> <span class='ocrx_word' id='word_1_242' title='bbox 437 2960 474 3033; x_wconf 92' lang='lat' dir='ltr'>V,</span> <span class='ocrx_word' id='word_1_243' title='bbox 490 2966 542 3025; x_wconf 87' lang='grc'>36.</span> <span class='ocrx_word' id='word_1_244' title='bbox 566 2961 619 3021; x_wconf 89' lang='lat' dir='ltr'>Dio</span> <span class='ocrx_word' id='word_1_245' title='bbox 635 2961 714 3021; x_wconf 85' lang='lat' dir='ltr'>Casa.</span> <span class='ocrx_word' id='word_1_246' title='bbox 729 2960 819 3032; x_wconf 88' lang='lat' dir='ltr'>LXII,</span> <span class='ocrx_word' id='word_1_247' title='bbox 834 2965 899 3033; x_wconf 92' lang='grc'><strong>26).</strong></span> <span class='ocrx_word' id='word_1_248' title='bbox 933 2964 1005 3021; x_wconf 84' lang='lat' dir='ltr'>Cum</span> <span class='ocrx_word' id='word_1_249' title='bbox 1020 2960 1124 3042; x_wconf 72' lang='lat' dir='ltr'>suarm</span> <span class='ocrx_word' id='word_1_250' title='bbox 1145 2983 1200 3023; x_wconf 87' lang='lat' dir='ltr'>no-</span> 
     </span>
     <span class='ocr_line' id='line_1_27' title="bbox 176 3045 1200 3126; baseline 0.002 -20"><span class='ocrx_word' id='word_1_251' title='bbox 176 3055 258 3106; x_wconf 82' lang='lat' dir='ltr'>strae</span> <span class='ocrx_word' id='word_1_252' title='bbox 265 3045 410 3125; x_wconf 74' lang='lat' dir='ltr'>sarsinas,</span> <span class='ocrx_word' id='word_1_253' title='bbox 428 3046 553 3107; x_wconf 86' lang='lat' dir='ltr'>eiusdem</span> <span class='ocrx_word' id='word_1_254' title='bbox 568 3049 700 3126; x_wconf 76' lang='lat' dir='ltr'>generis3</span> <span class='ocrx_word' id='word_1_255' title='bbox 716 3047 821 3107; x_wconf 85' lang='lat' dir='ltr'>locutio</span> <span class='ocrx_word' id='word_1_256' title='bbox 836 3048 1033 3126; x_wconf 78' lang='lat' dir='ltr'>proverbialis.</span> <span class='ocrx_word' id='word_1_257' title='bbox 1064 3048 1105 3108; x_wconf 86' lang='lat' dir='ltr'>Ita</span> <span class='ocrx_word' id='word_1_258' title='bbox 1126 3047 1200 3108; x_wconf 85' lang='lat' dir='ltr'>Cas-</span> 
     </span>
     <span class='ocr_line' id='line_1_28' title="bbox 176 3131 1199 3210; baseline 0.004 -20"><span class='ocrx_word' id='word_1_259' title='bbox 176 3133 234 3191; x_wconf 87' lang='lat' dir='ltr'>sius</span> <span class='ocrx_word' id='word_1_260' title='bbox 255 3131 417 3192; x_wconf 78' lang='lat' dir='ltr'>Parmensis</span> <span class='ocrx_word' id='word_1_261' title='bbox 439 3131 475 3192; x_wconf 86' lang='lat' dir='ltr'>de</span> <span class='ocrx_word' id='word_1_262' title='bbox 497 3132 625 3210; x_wconf 81' lang='lat' dir='ltr'>Augusto</span> <span class='ocrx_word' id='word_1_263' title='bbox 642 3131 728 3192; x_wconf 78' lang='lat' dir='ltr'>dixit:</span> <span class='ocrx_word' id='word_1_264' title='bbox 751 3131 902 3205; x_wconf 86' lang='lat' dir='ltr'>„Materna</span> <span class='ocrx_word' id='word_1_265' title='bbox 920 3132 1076 3192; x_wconf 69' lang='lat' dir='ltr'>sibilorum</span> <span class='ocrx_word' id='word_1_266' title='bbox 1098 3144 1199 3194; x_wconf 84' lang='lat' dir='ltr'>estex</span> 
     </span>
     <span class='ocr_line' id='line_1_29' title="bbox 176 3215 1199 3299; baseline 0.004 -24"><span class='ocrx_word' id='word_1_267' title='bbox 176 3215 344 3276; x_wconf 83' lang='lat' dir='ltr'>erudissimo</span> <span class='ocrx_word' id='word_1_268' title='bbox 358 3218 475 3278; x_wconf 79' lang='lat' dir='ltr'>Arlaiaa</span> <span class='ocrx_word' id='word_1_269' title='bbox 490 3219 630 3296; x_wconf 85' lang='lat' dir='ltr'>pistrino“</span> <span class='ocrx_word' id='word_1_270' title='bbox 652 3216 745 3292; x_wconf 83' lang='lat' dir='ltr'>(Suet.</span> <span class='ocrx_word' id='word_1_271' title='bbox 761 3219 837 3296; x_wconf 83' lang='lat' dir='ltr'>Aug.</span> <span class='ocrx_word' id='word_1_272' title='bbox 851 3223 900 3291; x_wconf 92' lang='grc'>4),</span> <span class='ocrx_word' id='word_1_273' title='bbox 915 3238 1078 3298; x_wconf 82' lang='lat' dir='ltr'>quamquam</span> <span class='ocrx_word' id='word_1_274' title='bbox 1095 3220 1119 3277; x_wconf 90' lang='lat' dir='ltr'>is</span> <span class='ocrx_word' id='word_1_275' title='bbox 1135 3221 1199 3299; x_wconf 87' lang='lat' dir='ltr'>qui·</span> 
     </span>
     <span class='ocr_line' id='line_1_30' title="bbox 176 3300 1198 3381; baseline 0.005 -21"><span class='ocrx_word' id='word_1_276' title='bbox 176 3300 240 3363; x_wconf 88' lang='lat' dir='ltr'>dem</span> <span class='ocrx_word' id='word_1_277' title='bbox 258 3304 284 3362; x_wconf 90' lang='lat' dir='ltr'>ei</span> <span class='ocrx_word' id='word_1_278' title='bbox 305 3323 395 3381; x_wconf 79' lang='lat' dir='ltr'>genus</span> <span class='ocrx_word' id='word_1_279' title='bbox 419 3324 436 3363; x_wconf 90' lang='lat' dir='ltr'>a</span> <span class='ocrx_word' id='word_1_280' title='bbox 457 3305 563 3381; x_wconf 88' lang='lat' dir='ltr'>pistore</span> <span class='ocrx_word' id='word_1_281' title='bbox 579 3301 724 3362; x_wconf 84' lang='lat' dir='ltr'>oriundum</span> <span class='ocrx_word' id='word_1_282' title='bbox 740 3303 915 3381; x_wconf 85' lang='lat' dir='ltr'>exprobrare</span> <span class='ocrx_word' id='word_1_283' title='bbox 931 3303 1019 3362; x_wconf 89' lang='lat' dir='ltr'>voluit</span> <span class='ocrx_word' id='word_1_284' title='bbox 1042 3304 1093 3377; x_wconf 83' lang='lat' dir='ltr'><strong>(cf.</strong></span> <span class='ocrx_word' id='word_1_285' title='bbox 1112 3304 1198 3365; x_wconf 84' lang='lat' dir='ltr'>Wei-</span> 
     </span>
     <span class='ocr_line' id='line_1_31' title="bbox 175 3385 1197 3468; baseline 0.001 -20"><span class='ocrx_word' id='word_1_286' title='bbox 175 3387 267 3448; x_wconf 85' lang='lat' dir='ltr'>abert.</span> <span class='ocrx_word' id='word_1_287' title='bbox 284 3385 319 3446; x_wconf 87' lang='lat' dir='ltr'>de</span> <span class='ocrx_word' id='word_1_288' title='bbox 335 3387 435 3447; x_wconf 86' lang='lat' dir='ltr'>Cassio</span> <span class='ocrx_word' id='word_1_289' title='bbox 452 3388 545 3448; x_wconf 85' lang='lat' dir='ltr'>Parm.</span> <span class='ocrx_word' id='word_1_290' title='bbox 563 3408 590 3467; x_wconf 91' lang='lat' dir='ltr'>p.</span> <span class='ocrx_word' id='word_1_291' title='bbox 606 3392 669 3451; x_wconf 88' lang='grc'>283</span> <span class='ocrx_word' id='word_1_292' title='bbox 679 3393 765 3468; x_wconf 84' lang='lat' dir='ltr'>sqq).</span> <span class='ocrx_word' id='word_1_293' title='bbox 787 3389 960 3448; x_wconf 83' lang='lat' dir='ltr'>Pellionlnm</span> <span class='ocrx_word' id='word_1_294' title='bbox 979 3399 1105 3448; x_wconf 83' lang='lat' dir='ltr'>ueterem</span> <span class='ocrx_word' id='word_1_295' title='bbox 1121 3392 1197 3449; x_wconf 84' lang='lat' dir='ltr'>reti-</span> 
     </span>
     <span class='ocr_line' id='line_1_32' title="bbox 175 3472 1196 3554; baseline 0.003 -22"><span class='ocrx_word' id='word_1_296' title='bbox 175 3492 245 3545; x_wconf 84' lang='lat' dir='ltr'>nes,</span> <span class='ocrx_word' id='word_1_297' title='bbox 269 3483 396 3532; x_wconf 84' lang='lat' dir='ltr'>naturam</span> <span class='ocrx_word' id='word_1_298' title='bbox 418 3484 491 3533; x_wconf 85' lang='lat' dir='ltr'>tuam</span> <span class='ocrx_word' id='word_1_299' title='bbox 508 3494 562 3531; x_wconf 90' lang='lat' dir='ltr'>uon</span> <span class='ocrx_word' id='word_1_300' title='bbox 579 3475 707 3543; x_wconf 85' lang='lat' dir='ltr'>mutasti,</span> <span class='ocrx_word' id='word_1_301' title='bbox 732 3472 806 3554; x_wconf 89' lang='lat' dir='ltr'>quod</span> <span class='ocrx_word' id='word_1_302' title='bbox 819 3472 856 3533; x_wconf 81' lang='lat' dir='ltr'>de</span> <span class='ocrx_word' id='word_1_303' title='bbox 872 3475 1002 3552; x_wconf 86' lang='lat' dir='ltr'>anguium</span> <span class='ocrx_word' id='word_1_304' title='bbox 1019 3476 1128 3534; x_wconf 73' lang='lat' dir='ltr'>exuvds</span> <span class='ocrx_word' id='word_1_305' title='bbox 1143 3494 1196 3535; x_wconf 87' lang='lat' dir='ltr'>ex·</span> 
     </span>
     <span class='ocr_line' id='line_1_33' title="bbox 176 3553 1198 3642; baseline 0.004 -26"><span class='ocrx_word' id='word_1_306' title='bbox 176 3558 275 3636; x_wconf 81' lang='lat' dir='ltr'>plicari</span> <span class='ocrx_word' id='word_1_307' title='bbox 291 3568 396 3636; x_wconf 87' lang='lat' dir='ltr'>potest.</span> <span class='ocrx_word' id='word_1_308' title='bbox 430 3558 551 3618; x_wconf 84' lang='lat' dir='ltr'>Casaub.</span> <span class='ocrx_word' id='word_1_309' title='bbox 569 3559 747 3636; x_wconf 79' lang='lat' dir='ltr'>proverIJIum</span> <span class='ocrx_word' id='word_1_310' title='bbox 763 3558 901 3618; x_wconf 86' lang='lat' dir='ltr'>Graecum</span> <span class='ocrx_word' id='word_1_311' title='bbox 918 3559 999 3618; x_wconf 86' lang='lat' dir='ltr'>uilert</span> <span class='ocrx_word' id='word_1_312' title='bbox 1014 3553 1069 3632; x_wconf 72' lang='grc' dir='ltr'>τὴν</span> <span class='ocrx_word' id='word_1_313' title='bbox 1084 3555 1198 3642; x_wconf 77' lang='grc' dir='ltr'><em>ἄνδρα·</em></span> 
     </span>
     <span class='ocr_line' id='line_1_34' title="bbox 174 3637 1196 3725; baseline 0.005 -25"><span class='ocrx_word' id='word_1_314' title='bbox 174 3638 298 3716; x_wconf 78' lang='grc' dir='ltr'><em>ποδώδη</em></span> <span class='ocrx_word' id='word_1_315' title='bbox 320 3641 407 3725; x_wconf 75' lang='grc' dir='ltr'><strong><em>τρίχα</em></strong></span> <span class='ocrx_word' id='word_1_316' title='bbox 427 3637 505 3721; x_wconf 78' lang='grc' dir='ltr'>ἔχειν</span> <span class='ocrx_word' id='word_1_317' title='bbox 533 3643 619 3716; x_wconf 87' lang='lat' dir='ltr'>(Plat.</span> <span class='ocrx_word' id='word_1_318' title='bbox 640 3642 904 3722; x_wconf 75' lang='lat' dir='ltr'>aie.1p.12013.</span> <span class='ocrx_word' id='word_1_319' title='bbox 928 3643 1039 3703; x_wconf 84' lang='lat' dir='ltr'>Ilubnk.</span> <span class='ocrx_word' id='word_1_320' title='bbox 1064 3643 1099 3703; x_wconf 85' lang='lat' dir='ltr'>ad</span> <span class='ocrx_word' id='word_1_321' title='bbox 1122 3644 1196 3705; x_wconf 83' lang='lat' dir='ltr'>Tim.</span> 
     </span>
     <span class='ocr_line' id='line_1_35' title="bbox 174 3726 1197 3807; baseline 0.002 -19"><span class='ocrx_word' id='word_1_322' title='bbox 174 3747 202 3807; x_wconf 88' lang='lat' dir='ltr'>p.</span> <span class='ocrx_word' id='word_1_323' title='bbox 217 3732 270 3791; x_wconf 89' lang='grc'>36.</span> <span class='ocrx_word' id='word_1_324' title='bbox 289 3728 409 3807; x_wconf 86' lang='lat' dir='ltr'>Diogen.</span> <span class='ocrx_word' id='word_1_325' title='bbox 425 3749 504 3806; x_wconf 82' lang='lat' dir='ltr'>prov.</span> <span class='ocrx_word' id='word_1_326' title='bbox 519 3728 541 3800; x_wconf 91' lang='lat' dir='ltr'>I,</span> <span class='ocrx_word' id='word_1_327' title='bbox 558 3733 622 3800; x_wconf 85' lang='grc'>73).</span> <span class='ocrx_word' id='word_1_328' title='bbox 653 3729 826 3806; x_wconf 80' lang='lat' dir='ltr'>Quocunque</span> <span class='ocrx_word' id='word_1_329' title='bbox 848 3726 930 3787; x_wconf 89' lang='lat' dir='ltr'>modo</span> <span class='ocrx_word' id='word_1_330' title='bbox 953 3729 1126 3807; x_wconf 82' lang='lat' dir='ltr'>eprIeetur,</span> <span class='ocrx_word' id='word_1_331' title='bbox 1147 3732 1197 3790; x_wconf 71' lang='lat' dir='ltr'>via</span> 
     </span>
     <span class='ocr_line' id='line_1_36' title="bbox 174 3811 1195 3896; baseline 0.003 -24"><span class='ocrx_word' id='word_1_332' title='bbox 174 3811 305 3872; x_wconf 84' lang='lat' dir='ltr'>videatur</span> <span class='ocrx_word' id='word_1_333' title='bbox 319 3825 385 3892; x_wconf 86' lang='lat' dir='ltr'>apte</span> <span class='ocrx_word' id='word_1_334' title='bbox 400 3815 537 3891; x_wconf 88' lang='lat' dir='ltr'>positum,</span> <span class='ocrx_word' id='word_1_335' title='bbox 558 3834 620 3873; x_wconf 90' lang='lat' dir='ltr'>eum</span> <span class='ocrx_word' id='word_1_336' title='bbox 636 3835 701 3872; x_wconf 81' lang='lat' dir='ltr'>mox</span> <span class='ocrx_word' id='word_1_337' title='bbox 716 3825 851 3893; x_wconf 86' lang='lat' dir='ltr'>sequatur</span> <span class='ocrx_word' id='word_1_338' title='bbox 862 3812 970 3891; x_wconf 80' lang='lat' dir='ltr'>fronte</span> <span class='ocrx_word' id='word_1_339' title='bbox 984 3814 1116 3893; x_wconf 81' lang='lat' dir='ltr'>politus,</span> <span class='ocrx_word' id='word_1_340' title='bbox 1140 3835 1195 3896; x_wconf 90' lang='lat' dir='ltr'>qua</span> 
     </span>
     <span class='ocr_line' id='line_1_37' title="bbox 174 3897 1193 3978; baseline 0.003 -21"><span class='ocrx_word' id='word_1_341' title='bbox 174 3899 380 3976; x_wconf 78' lang='lat' dir='ltr'>signidentiuue</span> <span class='ocrx_word' id='word_1_342' title='bbox 403 3899 451 3970; x_wconf 92' lang='lat' dir='ltr'>IV,</span> <span class='ocrx_word' id='word_1_343' title='bbox 477 3905 516 3961; x_wconf 88' lang='grc'>14</span> <span class='ocrx_word' id='word_1_344' title='bbox 538 3897 608 3958; x_wconf 82' lang='lat' dir='ltr'>dlait</span> <span class='ocrx_word' id='word_1_345' title='bbox 625 3900 707 3978; x_wconf 83' lang='lat' dir='ltr'>pelle</span> <span class='ocrx_word' id='word_1_346' title='bbox 728 3900 870 3970; x_wconf 81' lang='lat' dir='ltr'>decorus,</span> <span class='ocrx_word' id='word_1_347' title='bbox 898 3898 973 3978; x_wconf 86' lang='lat' dir='ltr'>quod</span> <span class='ocrx_word' id='word_1_348' title='bbox 995 3910 1085 3958; x_wconf 86' lang='lat' dir='ltr'>ortum</span> <span class='ocrx_word' id='word_1_349' title='bbox 1108 3911 1193 3960; x_wconf 87' lang='lat' dir='ltr'>oste</span> 
     </span>
     <span class='ocr_line' id='line_1_38' title="bbox 174 3981 1195 4064; baseline 0.004 -23"><span class='ocrx_word' id='word_1_350' title='bbox 174 3982 265 4044; x_wconf 85' lang='lat' dir='ltr'>Persii</span> <span class='ocrx_word' id='word_1_351' title='bbox 280 3982 374 4043; x_wconf 87' lang='lat' dir='ltr'>studio</span> <span class='ocrx_word' id='word_1_352' title='bbox 389 3981 501 4043; x_wconf 82' lang='lat' dir='ltr'>diversa</span> <span class='ocrx_word' id='word_1_353' title='bbox 517 3985 626 4044; x_wconf 89' lang='lat' dir='ltr'>ratione</span> <span class='ocrx_word' id='word_1_354' title='bbox 642 3983 715 4044; x_wconf 87' lang='lat' dir='ltr'>idem</span> <span class='ocrx_word' id='word_1_355' title='bbox 731 3983 921 4062; x_wconf 80' lang='lat' dir='ltr'>exprimendI,</span> <span class='ocrx_word' id='word_1_356' title='bbox 945 4005 1000 4064; x_wconf 90' lang='lat' dir='ltr'>quo</span> <span class='ocrx_word' id='word_1_357' title='bbox 1014 3985 1046 4043; x_wconf 86' lang='lat' dir='ltr'>lit</span> <span class='ocrx_word' id='word_1_358' title='bbox 1061 3993 1089 4042; x_wconf 87' lang='lat' dir='ltr'>ut</span> <span class='ocrx_word' id='word_1_359' title='bbox 1104 3985 1195 4045; x_wconf 84' lang='lat' dir='ltr'>inter-</span> 
     </span>
     <span class='ocr_line' id='line_1_39' title="bbox 174 4065 1194 4150; baseline 0.003 -23"><span class='ocrx_word' id='word_1_360' title='bbox 174 4065 237 4128; x_wconf 88' lang='lat' dir='ltr'>dum</span> <span class='ocrx_word' id='word_1_361' title='bbox 253 4071 406 4148; x_wconf 80' lang='lat' dir='ltr'>coniungat</span> <span class='ocrx_word' id='word_1_362' title='bbox 420 4090 493 4149; x_wconf 88' lang='lat' dir='ltr'>quae</span> <span class='ocrx_word' id='word_1_363' title='bbox 508 4091 563 4128; x_wconf 90' lang='lat' dir='ltr'>uon</span> <span class='ocrx_word' id='word_1_364' title='bbox 578 4071 647 4129; x_wconf 86' lang='lat' dir='ltr'>satis</span> <span class='ocrx_word' id='word_1_365' title='bbox 663 4070 736 4129; x_wconf 88' lang='lat' dir='ltr'>bene</span> <span class='ocrx_word' id='word_1_366' title='bbox 752 4072 827 4128; x_wconf 90' lang='lat' dir='ltr'>iuter</span> <span class='ocrx_word' id='word_1_367' title='bbox 841 4089 873 4128; x_wconf 91' lang='lat' dir='ltr'>se</span> <span class='ocrx_word' id='word_1_368' title='bbox 897 4069 1044 4150; x_wconf 87' lang='lat' dir='ltr'>quadrant.</span> <span class='ocrx_word' id='word_1_369' title='bbox 1094 4071 1194 4130; x_wconf 79' lang='lat' dir='ltr'>Frons</span> 
     </span>
     <span class='ocr_line' id='line_1_40' title="bbox 175 4151 1194 4234; baseline 0.003 -23"><span class='ocrx_word' id='word_1_370' title='bbox 175 4151 210 4213; x_wconf 88' lang='lat' dir='ltr'>de</span> <span class='ocrx_word' id='word_1_371' title='bbox 232 4165 352 4214; x_wconf 84' lang='lat' dir='ltr'>externo</span> <span class='ocrx_word' id='word_1_372' title='bbox 374 4154 525 4215; x_wconf 84' lang='lat' dir='ltr'>habitune</span> <span class='ocrx_word' id='word_1_373' title='bbox 547 4156 644 4233; x_wconf 86' lang='lat' dir='ltr'>speeie</span> <span class='ocrx_word' id='word_1_374' title='bbox 667 4157 795 4234; x_wconf 89' lang='lat' dir='ltr'>ponitur,</span> <span class='ocrx_word' id='word_1_375' title='bbox 820 4157 911 4214; x_wconf 84' lang='lat' dir='ltr'>aalma</span> <span class='ocrx_word' id='word_1_376' title='bbox 933 4166 963 4214; x_wconf 83' lang='lat' dir='ltr'>et</span> <span class='ocrx_word' id='word_1_377' title='bbox 978 4155 1063 4214; x_wconf 88' lang='lat' dir='ltr'>menti</span> <span class='ocrx_word' id='word_1_378' title='bbox 1079 4158 1194 4233; x_wconf 81' lang='lat' dir='ltr'>opposi-</span> 
     </span>
     <span class='ocr_line' id='line_1_41' title="bbox 173 4238 1194 4312; baseline 0.005 -16"><span class='ocrx_word' id='word_1_379' title='bbox 173 4239 228 4311; x_wconf 81' lang='lat' dir='ltr'>tit,</span> <span class='ocrx_word' id='word_1_380' title='bbox 251 4238 289 4298; x_wconf 85' lang='lat' dir='ltr'>el.</span> <span class='ocrx_word' id='word_1_381' title='bbox 314 4238 383 4298; x_wconf 88' lang='lat' dir='ltr'>Seu.</span> <span class='ocrx_word' id='word_1_382' title='bbox 406 4260 486 4300; x_wconf 86' lang='lat' dir='ltr'>eous.</span> <span class='ocrx_word' id='word_1_383' title='bbox 510 4238 544 4299; x_wconf 89' lang='lat' dir='ltr'>ad</span> <span class='ocrx_word' id='word_1_384' title='bbox 568 4241 648 4300; x_wconf 84' lang='lat' dir='ltr'>Helv.</span> <span class='ocrx_word' id='word_1_385' title='bbox 665 4246 700 4304; x_wconf 79' lang='lat'>5:</span> <span class='ocrx_word' id='word_1_386' title='bbox 724 4238 841 4312; x_wconf 86' lang='lat' dir='ltr'>„luania</span> <span class='ocrx_word' id='word_1_387' title='bbox 856 4273 898 4284; x_wconf 96' lang='lat'><em>-</em></span> <span class='ocrx_word' id='word_1_388' title='bbox 914 4241 1007 4300; x_wconf 87' lang='lat' dir='ltr'>iuveni</span> <span class='ocrx_word' id='word_1_389' title='bbox 1031 4242 1104 4299; x_wconf 83' lang='lat' dir='ltr'>iutra</span> <span class='ocrx_word' id='word_1_390' title='bbox 1125 4241 1194 4301; x_wconf 90' lang='lat' dir='ltr'>nibil</span> 
     </span>
     <span class='ocr_line' id='line_1_42' title="bbox 174 4322 1192 4404; baseline 0.003 -22"><span class='ocrx_word' id='word_1_391' title='bbox 174 4322 306 4384; x_wconf 85' lang='lat' dir='ltr'>babentia</span> <span class='ocrx_word' id='word_1_392' title='bbox 321 4324 408 4384; x_wconf 82' lang='lat' dir='ltr'>fronti</span> <span class='ocrx_word' id='word_1_393' title='bbox 424 4345 493 4385; x_wconf 89' lang='lat' dir='ltr'>suae</span> <span class='ocrx_word' id='word_1_394' title='bbox 509 4325 630 4386; x_wconf 84' lang='lat' dir='ltr'>simile.“</span> <span class='ocrx_word' id='word_1_395' title='bbox 654 4325 714 4386; x_wconf 76' lang='lat' dir='ltr'>cic.</span> <span class='ocrx_word' id='word_1_396' title='bbox 726 4325 761 4385; x_wconf 90' lang='lat' dir='ltr'>ad</span> <span class='ocrx_word' id='word_1_397' title='bbox 777 4325 873 4397; x_wconf 78' lang='lat' dir='ltr'>iuml,</span> <span class='ocrx_word' id='word_1_398' title='bbox 884 4329 914 4396; x_wconf 85' lang='grc'>9,</span> <span class='ocrx_word' id='word_1_399' title='bbox 932 4330 987 4387; x_wconf 82' lang='grc' dir='ltr'>17ι</span> <span class='ocrx_word' id='word_1_400' title='bbox 1011 4324 1118 4404; x_wconf 87' lang='lat' dir='ltr'>„quue</span> <span class='ocrx_word' id='word_1_401' title='bbox 1135 4346 1192 4385; x_wconf 89' lang='lat' dir='ltr'>uon</span> 
     </span>
     <span class='ocr_line' id='line_1_43' title="bbox 173 4409 1193 4492; baseline 0.002 -23"><span class='ocrx_word' id='word_1_402' title='bbox 173 4409 261 4470; x_wconf 87' lang='lat' dir='ltr'>solnm</span> <span class='ocrx_word' id='word_1_403' title='bbox 278 4411 372 4470; x_wconf 79' lang='lat' dir='ltr'>fronte</span> <span class='ocrx_word' id='word_1_404' title='bbox 387 4422 472 4491; x_wconf 87' lang='lat' dir='ltr'>atqua</span> <span class='ocrx_word' id='word_1_405' title='bbox 488 4411 579 4483; x_wconf 89' lang='lat' dir='ltr'>vultu,</span> <span class='ocrx_word' id='word_1_406' title='bbox 603 4411 702 4492; x_wconf 84' lang='lat' dir='ltr'>quibus</span> <span class='ocrx_word' id='word_1_407' title='bbox 725 4412 864 4471; x_wconf 85' lang='lat' dir='ltr'>simulatio</span> <span class='ocrx_word' id='word_1_408' title='bbox 880 4412 1013 4472; x_wconf 81' lang='lat' dir='ltr'>facillime</span> <span class='ocrx_word' id='word_1_409' title='bbox 1029 4413 1193 4481; x_wconf 86' lang='lat' dir='ltr'>sustinetur,</span> 
     </span>
    </p>
   </div>
   <div class='ocr_carea' id='block_1_3' title="bbox 0 0 1292 5054">
    <p class='ocr_par' dir='ltr' id='par_1_3' title="bbox 0 0 1292 5054">
     <span class='ocr_line' id='line_1_44' title="bbox 0 0 1292 5054; baseline 0 2"><span class='ocrx_word' id='word_1_410' title='bbox 0 0 1292 5054; x_wconf 95' lang='lat' dir='ltr'> </span> 
     </span>
    </p>
   </div>
  </div>
 </body>
</html>
