2574 5054
371 782 672 848 8011οΒ1118111.
689 782 727 859 V,
751 788 901 849 12-11.
1086 781 1149 853 321

130 975 246 1017 rancum
265 953 395 1037 quiddam
416 975 514 1019 secum
535 966 698 1017 murmurat.
725 953 799 1016 Nam
820 953 857 1017 dc
878 958 992 1017 incessu
1006 957 1068 1018 eins
1083 955 1150 1018 Wr-

151 1042 213 1101 'ius
231 1043 313 1101 ¹ait=

129 1042 169 1122 gt!
258 1128 301 1188 lt't
313 1126 379 1186 soln
400 1127 431 1186 in
444 1128 525 1188 sicca
542 1146 639 1187 secum
655 1127 811 1204 spatiatur
824 1145 927 1187 arcun.

134 1213 325 1285 Corsicam,
349 1231 450 1271 novum
472 1232 489 1273 a
509 1223 594 1292 poeta
612 1211 727 1271 verbum
743 1212 944 1291 compositum
976 1209 1151 1272 submurmu-

131 1316 197 1368 ras,
220 1308 250 1357 ct
272 1298 352 1378 quasi
372 1316 452 1357 moro
472 1298 594 1357 cornicis
608 1316 696 1357 voces
719 1297 850 1376 profers,
872 1294 976 1370 idest,
998 1307 1030 1358 ct
1043 1316 1150 1358 summe

50 1422 54 1429 -
130 1381 251 1455 scribis,
272 1393 303 1443 et
324 1401 430 1442 summe
453 1383 643 1462 pronuncias,
665 1379 739 1462 quod
761 1392 854 1442 tecum
874 1402 937 1443 cum
952 1401 1093 1444 murmure
1108 1382 1151 1443 io·

132 1469 245 1548 queris,
275 1468 303 1526 in
324 1464 435 1526 modum
456 1468 579 1528 cornicis
601 1486 775 1540 murmuras3
804 1467 850 1527 vcl
876 1477 956 1529 certe
983 1469 1090 1541 iratos,
1119 1477 1152 1528 ut

129 1553 278 1626 cornices,
299 1552 405 1613 clauses
429 1554 589 1634 superduc,
611 1552 716 1613 tumido
738 1563 873 1633 gutture,
892 1552 940 1613 vel
960 1555 1083 1615 succinis
1098 1552 1151 1613 iso·

130 1657 248 1698 mersos.

218 1743 267 1802 13.
289 1739 353 1799 Nec
374 1740 475 1821 sclcpo
500 1741 637 1799 tumidos.
658 1736 760 1820 Neque
776 1738 844 1798 talia
858 1736 977 1812 scribis,
992 1757 1064 1820 quae
1079 1756 1151 1800 ven·

131 1825 204 1884 tosis
227 1834 258 1885 ct
278 1823 407 1884 inanibus
426 1825 522 1886 verbis
544 1826 640 1885 indata
660 1824 734 1897 siut,
756 1822 808 1884 sod
824 1842 896 1905 qnae
911 1825 1084 1905 aequalitate
1099 1843 1152 1884 sna

131 1910 189 1968 siut
211 1908 325 1969 robuste
347 1920 378 1970 et
396 1911 520 1990 pinguia.
605 1911 714 1988 Sclcpo
729 1907 800 1969 dixit
813 1910 1044 1992 μεταφορικῶς,
1065 1929 1085 1970 a
1105 1909 1151 1970 ltr-

130 1992 261 2054 dentibo's
282 1996 395 2075 pueris,
419 1996 467 2076 qni
488 1995 594 2056 buccea
614 1996 723 2055 inflatas
738 1993 832 2054 subito
847 1997 996 2075 aperiunt,
1016 1995 1049 2055 et'
1061 2004 1150 2057 totum

131 2080 212 2140 simui
226 2080 321 2140 ilatum
336 2099 399 2141 cum
414 2082 509 2141 souitu
523 2077 642 2140 iundnnt
659 2085 681 2140 ².

218 2186 268 2244 1⁴.
292 2182 392 2242 Verba
407 2191 496 2260 togae
511 2183 666 2260 sequeret,
691 2177 720 2240 id
734 2191 795 2254 cst,
817 2191 883 2261 apta
897 2181 978 2261 paci,
993 2181 1040 2241 vel
1054 2181 1152 2242 iorem·

132 2268 190 2341 sia,
205 2267 305 2347 quibus
320 2264 457 2327 causidici
471 2267 500 2326 in
515 2285 644 2327 sermono
659 2265 820 2347 quotidiano
839 2277 962 2327 utnntnr.
1045 2268 1152 2346 Togn⁸

131 2363 178 2413 est
191 2351 285 2424 dicta,
305 2350 380 2434 quod
393 2352 554 2413 velamento
568 2372 620 2412 sno
635 2371 739 2433 corpus
754 2363 834 2431 tegat
849 2363 933 2432 atquc
948 2352 1069 2432 operiat.
1097 2350 1152 2414 Est

131 2448 225 2498 nutem
247 2442 392 2516 *purum
420 2438 588 2517 pallium,
613 2436 922 2509 domorotunda,
952 2437 1150 2498 etiusiore

132 2533 245 2604 atque
274 2520 483 2588 iouudaute
512 2524 615 2594 sinu,
644 2533 682 2582 et
710 2523 778 2582 sub
808 2521 943 2584 dextro
971 2519 1152 2596 veniens,

132 2627 246 2688 super
274 2607 464 2669 humerum
493 2609 688 2667 sinistrum
709 2608 883 2688 ponitur3
912 2609 1021 2669 cuius
1053 2608 1152 2667 simi·

133 2691 330 2754 litudiuom
351 2695 385 2753 in
408 2693 1152 2774 operimentissimulacrorumvelpictu-

131 2797 259 2841 rarum
280 2779 501 2858 aspicimus,
522 2797 661 2858 casque
683 2788 834 2838 statuas
858 2789 1014 2858 togatas
1043 2797 1152 2839 voea-

132 2884 216 2924 mus.
245 2863 348 2943 Toga
367 2883 456 2924 vcro
478 2863 625 2924 Romani
648 2865 682 2923 in
706 2882 794 2943 paee
817 2862 1038 2937 utebantur,
1060 2862 1151 2924 iolii

133 2959 259 3009 autom
293 2960 464 3028 tempore
499 2946 793 3029 paludamentis.
836 2947 1011 3008 Mensura
1038 2958 1151 3027 togae

133 3034 258 3094 iustae
287 3051 399 3095 senas
427 3034 537 3094 ulnas
565 3032 778 3094 habetote*
815 3035 895 3112 Toga
911 3035 1046 3113 palmata
1073 3032 1152 3094 dice·

132 3119 233 3191 batur,
257 3138 338 3198 quam
359 3119 542 3180 merebantur
560 3120 597 3192 ii,
632 3120 679 3199 qni
699 3117 883 3199 reportabant
898 3117 934 3179 dc
949 3119 1076 3178 hostibus
1090 3119 1152 3198 pai-

132 3224 193 3264 mas
212 3208 234 3263 ⁸.
302 3203 351 3265 Sic
366 3223 438 3284 ergo
452 3204 572 3276 scribis,
594 3213 625 3264 ut
639 3224 733 3265 sermo
749 3215 811 3264 tuns
825 3204 931 3263 urbane
945 3214 1030 3284 atque
1051 3214 1152 3283 aperte

132 3291 273 3368 iungausr.
364 3292 509 3350 Inacture
537 3290 664 3349 collidus
688 3291 761 3350 ncrr'.
798 3288 859 3348 Hoc
881 3288 964 3349 dicit:
994 3289 1153 3369 Praecepta

133 3374 327 3454 philosophica
348 3374 433 3455 piauc
456 3385 486 3434 et
503 3372 579 3435 isene
600 3376 704 3452 aptotis
719 3379 733 3416 ⁶
746 3375 841 3435 vorbis
862 3376 1029 3454 exequeris,
1052 3373 1152 3434 doctus

132 3479 227 3521 mores
242 3460 383 3541 pallentes
396 3457 534 3533 eradere,
549 3469 581 3520 et
593 3460 654 3520 saie
670 3461 786 3520 endrico
802 3460 930 3521 vitiorum
945 3460 1043 3541 cnipas
1058 3461 1153 3539 sigua·

133 3645 146 3698 1
165 3643 240 3710 virg.
260 3642 353 3711 Georg.
373 3644 394 3708 1,
413 3645 474 3699 389.

132 3713 208 3768 2Ci.
227 3713 334 3780 Papiasr
354 3714 517 3783 „Stopdusre‚
535 3713 624 3781 gravis
644 3715 754 3767 sonus.“

132 3781 275 3849 eruptos:
303 3782 403 3851 „Toga
427 3784 512 3848 dicta,
538 3784 605 3851 qnod
629 3784 775 3836 velamento
799 3783 841 3835 sni
864 3798 959 3853 corpus
983 3790 1071 3849 tegat,
1101 3798 1152 3850 qne

166 3848 272 3901 Romani
298 3853 324 3903 in
351 3868 413 3919 pace
436 3854 592 3916 utebantur,
626 3852 689 3905 beili
716 3869 778 3904 vero
809 3860 923 3921 tempore
952 3852 1150 3921 paludamentis.

166 3918 287 3971 Mensura
306 3921 392 3973 iustae
409 3929 484 3988 togae
501 3919 536 3974 Vi
555 3920 631 3973 ulnas
649 3922 760 3972 habet.“
784 3920 820 3972 lte
837 3922 931 3973 iterum
949 3922 1032 3973 idem:
1051 3919 1152 3987 „Toga

165 3990 249 4072 pestis
265 3986 379 4041 Romana
396 3990 575 4072 aptiquissirce
594 4004 610 4043 e
628 3989 765 4055 Pelasgis“
784 3989 869 4053 (Tert.
889 3991 920 4042 de
933 3990 995 4072 pell.
1015 3989 1041 4055 1)
1056 3989 1151 4071 „prims

166 4057 1150 4195 titt.‘titittttttts'district,ittttt‘stt

166 4211 222 4246 rum
240 4196 380 4262 tenebant,
404 4198 481 4249 cuius
505 4197 700 4250 similitudinem
725 4197 752 4248 iu
770 4195 938 4262 operimentis
955 4196 1152 4248 simulacrorum

168 4264 339 4329 aspicimne.“

134 4331 230 4382 iiior.
250 4333 324 4398 epod.
344 4335 371 4396 1,
390 4334 407 4385 8
424 4334 461 4385 ib.
480 4334 561 4386 schol.
655 4380 659 4385 .

134 4395 150 4448 5
169 4398 238 4449 idaeo
255 4402 339 4452 omais
358 4401 390 4453 de
407 4409 469 4468 toga
480 4401 572 4455 iisdem
583 4417 628 4456 vv.
642 4402 765 4470 leguntur
780 4399 1150 4469 spndlsid.ori53.X1X,2i.

133 4466 286 4532 dcnptnto'e
304 4469 374 4534 vulp.

175 4557 292 4597 romnus.
902 4544 941 4603 21

872 4716 886 4749 1
