2574 5054
183 788 280 835 eexrv
512 764 877 831 ruotutottttttrt

183 937 458 1004 Acbaintrium
479 955 604 1020 pmrsus
625 937 690 1001 lere
712 936 855 1021 neglexi,
880 936 964 1000 cuius
987 956 1049 999 uon
1064 958 1205 1019 magnam

182 1041 272 1106 fidem
293 1061 350 1104 uec
372 1031 506 1123 prudens
525 1036 667 1102 iudicium
691 1059 760 1103 esse
783 1039 926 1122 cognovi.
962 1035 1074 1122 Neque
1102 1050 1205 1103 tamen

183 1142 289 1218 omisi,
311 1140 363 1204 ubi
385 1160 425 1203 cx
448 1140 538 1204 codd.
561 1141 693 1204 nondum
715 1140 804 1224 plene
819 1140 960 1204 adhibitis
977 1140 1089 1204 eximia
1104 1149 1136 1204 et
1151 1162 1206 1203 no-

183 1254 248 1308 tatu
265 1244 355 1327 digna
370 1264 388 1308 a
403 1237 476 1304 VV.
493 1240 564 1305 DI).
582 1243 672 1306 allata
687 1240 837 1305 videbam.
872 1238 908 1304 Ιιι
924 1242 1029 1324 quibus
1045 1243 1205 1326 praecipue

182 1345 385 1410 nominandus
401 1354 449 1408 cst
462 1340 492 1405 H
499 1343 721 1420 autbalius,
747 1344 795 1427 qui
818 1363 894 1426 quae
910 1364 951 1408 ex
967 1342 1097 1427 antiquis
1114 1344 1203 1407 codd.

183 1446 328 1532 protulit,
351 1466 387 1509 ea
402 1446 433 1509 in
449 1466 535 1509 usum
550 1465 649 1509 meum
666 1444 815 1508 converti.
847 1443 1002 1529 Egregiae
1020 1457 1091 1509 suut
1114 1467 1206 1508 mem-

182 1547 299 1613 branae
319 1547 558 1623 Leidenses‚
594 1566 667 1629 quas
695 1543 781 1608 Nic.
812 1544 1005 1610 Heinsius
1033 1546 1204 1629 quibusdam

182 1649 458 1726 locismemoravit,
476 1657 506 1711 et
522 1648 623 1726 doleo,
641 1647 711 1711 mibi
727 1647 877 1732 integram
894 1669 997 1712 earum
1014 1647 1205 1711 collationem

182 1752 221 1819 ad
236 1773 343 1817 manus
358 1771 419 1814 non
434 1749 541 1814 luisse.
582 1746 633 1813 (ΙΙ.
651 1749 688 1813 ad
704 1744 732 1827 Ι,
748 1744 801 1812 59.
819 1747 873 1812 74.
890 1747 933 1829 V,
953 1746 1026 1814 118.
1045 1747 1117 1814 148.

266 1884 399 1951 Praeter
424 1885 546 1949 codices
573 1884 695 1949 adhibui
723 1884 813 1949 etiam
841 1884 917 1949 alios
940 1886 1125 1971 scriptores,
1156 1886 1205 1968 qui

182 1986 284 2054 Persii
306 1989 391 2052 locos
411 1986 578 2051 attuleruut
600 1985 651 2050 vel
677 1986 822 2050 imitando
853 1998 1088 2069 expresserunt,
1112 1987 1207 2050 etita

183 2091 220 2155 ad
245 2090 338 2154 crisin
361 2087 564 2152 exercendam
588 2086 698 2170 aliquid
721 2090 862 2154 conlerro
890 2087 1084 2153 videbantur.
1130 2086 1206 2151 Per-

182 2213 323 2276 maguum
345 2190 448 2254 talium
472 2188 616 2271 cuiusque
638 2189 708 2252 aevi
730 2190 910 2273 scriniorum
939 2209 1093 2252 numerum
1123 2210 1203 2265 esse,

182 2310 274 2376 supra
297 2292 356 2355 iam
378 2289 523 2355 monitum
548 2300 613 2368 est,
642 2288 744 2372 itaque
770 2312 914 2355 summam
944 2291 1126 2374 diligentiam
1153 2292 1207 2353 ad<-

182 2391 282 2468 bibui,
312 2401 346 2455 ιιι
368 2412 474 2456 omnes
496 2391 601 2469 locos,
633 2390 683 2455 ubi
705 2389 806 2456 Persii
828 2378 923 2457 verba
944 2392 1065 2456 laudata
1088 2404 1205 2470 essent,

184 2493 359 2576 colligerem
382 2504 414 2557 et
434 2505 503 2578 apte
526 2494 737 2578 disponerem,
761 2504 794 2557 nt
815 2495 905 2559 facile
933 2495 1061 2581 intelligi
1088 2507 1205 2580 posset,

183 2593 252 2678 quid
267 2594 343 2657 lucri
358 2593 429 2658 iude
444 2596 480 2659 ad
498 2594 654 2658 historiam
677 2595 811 2659 criticam
835 2595 994 2662 satirarum
1017 2596 1117 2662 Persii
1140 2597 1206 2682 capi

183 2706 298 2780 posset.
330 2690 367 2758 lu
391 2695 565 2759 universum
588 2698 794 2760 confirmatum
819 2709 867 2762 est
887 2696 943 2761 bac
964 2720 1081 2782 quoque
1098 2721 1206 2782 opera,

185 2797 263 2880 quod
279 2817 369 2881 supra
385 2796 443 2859 iam
460 2796 544 2874 dixi,
567 2794 668 2862 Persii
689 2799 781 2862 verba
804 2799 948 2883 gravibus
967 2800 1208 2884 interpolationi-

183 2896 240 2963 bus
257 2919 318 2961 uon
334 2898 428 2962 luisse
444 2897 598 2976 obnoxia,
621 2900 675 2963 sed
692 2900 753 2978 ita,
772 2912 806 2964 ut
822 2922 902 2966 nunc
918 2911 1061 2979 exstant,
1085 2900 1111 2963 si
1127 2922 1208 2964 sum·

183 3022 264 3066 mum
285 3010 426 3084 spectes,
450 3019 569 3083 semper
583 3000 662 3065 lecta
678 3023 759 3066 esse.
790 3000 872 3066 Nam
894 3022 960 3067 cum
976 3001 1208 3085 ascriptoribus

184 3102 326 3167 diversae
340 3102 450 3167 aetatis
466 3101 605 3185 permulti
619 3099 720 3168 Persii
735 3104 793 3168 loci
810 3105 994 3181 afferantur,
1018 3113 1120 3166 mmeu
1136 3123 1210 3187 pau·

184 3204 313 3269 cissimis
344 3213 457 3266 tautum
487 3202 563 3267 locis
592 3206 818 3269 memorabilem
851 3203 990 3268 lectionis
1027 3204 1208 3268 varietatem

184 3306 261 3389 apud
277 3326 330 3369 eos
345 3304 535 3380 invenimus,
559 3304 613 3368 sed
636 3306 777 3390 pleraque
800 3306 901 3370 omnia
924 3305 986 3385 ita,
1009 3316 1043 3370 nt
1057 3307 1088 3370 in
1104 3307 1209 3369 melio·

183 3405 267 3470 ribus
283 3405 371 3470 codd.
388 3405 542 3489 leguntur.
571 3403 623 3468 Ne
640 3419 739 3471 tamen
756 3407 868 3492 ingrati
883 3406 1058 3486 videamur,
1081 3427 1209 3472 monen-

184 3506 253 3570 dum
269 3504 296 3584 Ι,
312 3505 353 3568 57
363 3516 535 3592 protenso,
557 3507 634 3589 quod
650 3508 681 3570 in
697 3509 768 3594 Mp.
787 3519 819 3573 et
833 3508 921 3572 Hom.
937 3518 1053 3571 tantum
1068 3517 1207 3592 apparet,

184 3607 221 3672 ab
243 3606 431 3694 Hieronymo
452 3618 483 3671 et
503 3604 663 3672 Prisciauo
684 3610 804 3691 afferri3
827 3607 855 3688 Ι,
870 3607 914 3675 97
928 3610 1102 3696 vegrandi,
1128 3610 1207 3692 quod

182 3708 215 3773 iu
231 3710 390 3794 perpaucis
406 3711 495 3774 codd.
512 3723 665 3776 servatum
680 3723 739 3790 est,
756 3712 937 3776 auctoritate
947 3709 1048 3776 Servii
1064 3722 1095 3774 et
1109 3712 1205 3775 scbol.

184 3807 304 3874 Horatii
325 3813 455 3892 muniri3
486 3808 527 3892 V,
551 3809 592 3876 25
621 3813 785 3897 Augustini
812 3815 881 3878 loco
910 3833 1015 3878 veram
1045 3813 1208 3877 lectionem

185 3914 317 3976 tectoria
332 3913 533 3997 comprobari,
547 3925 579 3980 et
593 3916 620 3980 si
636 3937 712 3998 quae
727 3915 835 3980 similia
851 3917 982 3979 fortasse
998 3913 1206 3977 inveniuntur.

185 4006 260 4076 Illud
283 4013 411 4093 addam,
441 4016 518 4098 quod
541 4013 589 4079 lo.
615 4015 854 4082 sarisberiensis
877 4012 949 4100 (ΙΙΙ,
967 4015 1022 4101 12)
1045 4025 1077 4080 ot
1096 4011 1209 4079 Petrus

187 4108 342 4177 blesensis
358 4118 424 4198 (ep.
441 4113 535 4198 th)
560 4130 618 4182 sat.
637 4114 665 4196 Ι,
682 4115 743 4181 121
760 4119 907 4181 afferant:
930 4118 1106 4183 Amicitias
1127 4118 1212 4179 osrici

186 4211 281 4279 Mida
295 4235 358 4277 rea·
372 4215 481 4293 babet,
499 4218 568 4281 iude
584 4241 646 4283 non
661 4239 753 4306 posse
769 4219 920 4297 concludi,
940 4241 994 4284 eos
1009 4218 1087 4282 banc
1103 4217 1208 4281 lectio-

187 4336 256 4381 nem
271 4315 304 4378 iu
319 4316 449 4400 antiquis
465 4322 690 4406 exemplaribus
705 4321 879 4398 invenisse,
896 4321 949 4385 sed
966 4342 1032 4384 cum
1050 4320 1210 4383 novissent

187 4414 317 4483 Cornuti
331 4419 464 4498 scboiia,
489 4431 560 4485 tunc
576 4424 706 4487 maxime
723 4424 919 4507 pervulgata,
945 4441 1066 4487 versum
1082 4421 1123 4485 ita
1139 4440 1208 4505 pro·
