2574 5054
456 765 540 831 SAT.
555 768 594 842 V,
607 770 744 834 25-31.
1057 762 1121 831 181)

100 938 276 1016 dignorem
293 937 376 1012 (lior.
399 950 454 1000 sat.
468 938 491 1012 l,
505 944 536 1012 6,
552 944 591 1004 ol
615 949 715 1000 mutus
733 935 882 1000 adsumere
900 932 1032 1016 dignos),
1048 939 1121 1016 quid

98 1024 224 1083 solidum
238 1034 343 1104 crepet
353 1034 386 1084 et
392 1025 493 1104 pictur
507 1027 631 1085 tectorio
647 1025 778 1103 luirguue.
801 1023 929 1084 Parietes
943 1042 1032 1102 opero
1047 1023 1120 1084 lutc-

99 1111 167 1168 uitio
181 1112 337 1169 constructi
351 1110 474 1170 tectorio
488 1110 699 1190 operiebantur,
715 1107 790 1190 quod
805 1110 956 1188 lerigatum
971 1118 1002 1169 et
1015 1109 1119 1188 pictum

99 1192 221 1274 lapidum
229 1195 389 1268 simulabat,
404 1215 493 1275 quaro
506 1197 601 1255 solido
616 1197 775 1275 opponitur,
790 1193 865 1274 quod
877 1205 963 1254 totum
978 1191 1119 1273 lapideum

100 1289 162 1351 ent,
177 1300 233 1340 uon
248 1282 427 1360 superficiem
442 1291 548 1341 tautum
563 1291 710 1341 monstrat.
726 1281 771 1339 Cl'.
778 1280 800 1340 F
802 1282 905 1340 uoutiu.
919 1298 1019 1358 expos.
1035 1280 1118 1339 iorni.

99 1385 129 1444 p·
144 1367 183 1428 31
202 1362 308 1425 Gonu:
330 1366 671 1446 „Plenumout—inquo
683 1365 883 1444 longitudinem
899 1375 929 1425 ut
944 1362 1117 1425 latitudinem

100 1449 274 1522 habeamus,
288 1470 341 1530 peu
355 1471 429 1532 queo
444 1453 528 1511 etiam
543 1485 587 1498 -
600 1471 689 1530 opera
704 1452 840 1522 tectoria,
862 1451 1059 1521 inauraturae,
1074 1460 1118 1508 ιι-

98 1533 182 1595 lrulas
195 1545 227 1596 et
239 1535 285 1595 his
299 1538 418 1610 similia,
437 1537 465 1597 iu
488 1536 588 1617 quibus
611 1534 729 1595 altitudo
744 1547 793 1596 aut
806 1533 964 1597 crassitudo
980 1555 1037 1595 uon
1052 1554 1119 1615 pro·

99 1623 225 1701 ponitur.
265 1620 389 1681 Solidum
410 1633 456 1682 est
476 1655 520 1669 -
541 1623 620 1681 cuius
640 1619 841 1699 longitudinem
855 1632 886 1681 ιι
900 1618 1072 1680 latitudinem
1088 1629 1121 1681 ot

100 1703 315 1766 ornaritudincm
331 1709 476 1779 metimur,
491 1717 522 1767 ut
536 1712 674 1784 purietuuu
689 1712 879 1766 uououurasr‘
915 1705 1011 1785 ltaque
1025 1707 1119 1764 omnin

100 1793 217 1871 quaein
233 1793 410 1870 superficiem
426 1792 620 1863 illinobantuu,
646 1793 767 1852 tectoria
782 1803 935 1862 uocantur,
949 1802 981 1850 ut
995 1790 1120 1851 medica·

99 1878 175 1936 minc
197 1877 282 1937 faciei
305 1898 351 1956 up.
374 1878 470 1939 loven.
486 1877 535 1949 Vl,
549 1881 625 1941 467.
656 1877 712 1936 lam
733 1895 802 1938 roro
823 1878 903 1957 pulso
924 1877 1009 1936 lucilc
1024 1887 1120 1956 puteat

99 1960 245 2040 dignosci,
265 1974 357 2023 utrum
371 1966 466 2042 parics
482 1983 499 2023 c
514 1961 607 2042 lapide
622 1960 714 2024 lactor
729 1982 765 2021 au
783 1964 903 2022 tectorio
917 1959 1119 2041 superinducto

100 2058 217 2107 oreatus
233 2049 287 2119 uit,
305 2069 472 2128 quamquam
487 2050 662 2128 antiquorum
677 2068 747 2127 opus
762 2049 911 2108 tectorium
927 2058 983 2108 tam
998 2047 1119 2126 egregio

99 2133 261 2193 coniectum
284 2144 347 2207 eat,
369 2144 400 2193 ut
421 2135 445 2193 si
468 2132 629 2213 adspicias,
649 2153 711 2193 curn
734 2131 828 2212 lapide
852 2144 965 2193 conare
988 2131 1120 2193 videntur

99 2217 153 2290 (cl.
169 2217 357 2298 Wiegmann,
377 2218 498 2279 llaleroi
518 2219 546 2278 d.
562 2219 648 2279 Alteu
662 2238 689 2298 p.
704 2222 745 2281 24
759 2239 802 2299 oq.
817 2222 860 2281 35
874 2238 938 2299 sqq.
955 2223 1012 2281 171
1031 2223 1117 2298 ιιι.)

103 2300 238 2381 Cr'cpurc
259 2316 350 2365 nutem
367 2302 402 2365 dc
418 2307 453 2363 iis
468 2304 587 2376 dicitur,
605 2324 678 2384 quae
693 2324 748 2363 uon
764 2323 863 2383 purum
878 2314 908 2363 ct
922 2323 1053 2364 canorum
1069 2323 1119 2363 uo·

99 2408 165 2448 num
178 2387 273 2460 edunt,
290 2388 341 2449 sed
357 2391 477 2449 fractum
490 2392 571 2471 quasi
588 2401 617 2449 et
627 2391 787 2449 obscurum.
803 2390 933 2449 Solidum
949 2399 1061 2467 crepet,
1078 2389 1118 2449 ci.

98 2474 149 2545 lll,
163 2477 216 2545 21,
230 2473 267 2534 de
281 2477 384 2534 iterata
400 2475 511 2555 syllaba
526 2485 671 2553 creperet
684 2495 711 2534 u.
732 2474 767 2534 ad
783 2474 830 2543 lll,
845 2479 896 2537 92.
926 2473 987 2533 lloc
1002 2473 1038 2534 ad
1054 2493 1119 2534 ser·

98 2579 210 2619 monem
225 2561 339 2629 retulit,
361 2562 408 2641 qui
430 2572 478 2620 aut
493 2581 563 2640 pure
578 2561 687 2630 relect,
711 2560 775 2631 vel,
790 2572 820 2619 ιι
834 2571 935 2638 ριιιιι
949 2561 1008 2629 ait,
1028 2570 1119 2619 toturn

98 2647 244 2724 resignat,
260 2644 333 2724 quod
349 2666 427 2705 meus
443 2647 568 2722 cogitat,
583 2656 632 2704 aut
645 2643 740 2704 addito
756 2645 905 2704 verborum
920 2656 1031 2706 ornatu.
1054 2644 1119 2705 luri-

98 2741 176 2789 tatur
191 2740 238 2791 est
251 2733 394 2790 Ausonius
411 2730 463 2803 (ld.
478 2732 555 2804 XVl,
574 2736 643 2802 12)=
660 2731 704 2790 Sit
719 2729 837 2790 solidum
852 2728 1037 2810 quodcunque
1051 2730 1119 2791 rub-

99 2827 163 2885 eat,
178 2835 231 2876 uec
247 2818 338 2874 ioauia
354 2816 452 2877 subter
467 2816 575 2876 lodieet
589 2815 714 2876 admotus
735 2814 830 2893 digitis
845 2816 1014 2895 pellentibus
1029 2817 1118 2889 ictua3

99 2911 131 2960 et
144 2900 295 2980 Angustia.
312 2902 330 2960 l.
346 2902 374 2960 iu
390 2923 455 2961 auu.
470 2907 534 2962 cuit.
550 2902 592 2973 l.,
608 2903 653 2980 qui
669 2903 754 2960 etiam
770 2900 853 2960 (1.1).
869 2901 916 2971 lll,
934 2906 973 2963 11
989 2902 1119 2963 similiter

98 2985 209 3046 locutus
224 2996 279 3046 out.
301 2986 386 3047 flisco
402 2990 463 3046 iure
479 2998 615 3047 centenas
629 3005 717 3046 voees
733 2987 797 3045 mibi
813 3006 911 3063 posco,
928 2997 962 3045 ut
977 2997 1119 3065 quantuor

98 3073 257 3131 mikilein
272 3082 395 3151 pretore
406 3073 488 3151 stoi,
512 3083 541 3132 ιι
563 3084 695 3151 tuumque
711 3090 834 3130 umorem
851 3074 877 3130 iu
894 3082 993 3149 pectus
1008 3073 1118 3152 recepi,

97 3159 234 3227 sinuoso,
265 3155 339 3236 quod
362 3160 464 3216 multos
486 3177 619 3217 recessus
643 3156 728 3215 habet
755 3156 801 3227 (ll,
817 3159 858 3218 73
873 3162 947 3236 sup),
976 3167 1007 3215 ut
1026 3152 1120 3236 μυχὸς

98 3243 221 3324 φρενῶν
241 3240 314 3320 apud
336 3243 460 3303 Theocr.
483 3241 591 3314 XXIX,
605 3246 642 3311 3,
664 3261 733 3300 uoce
755 3242 872 3300 trudunt
891 3251 930 3313 (v.
949 3246 1000 3314 17)
1022 3261 1117 3320 pura,

98 3346 155 3386 nou
169 3328 255 3405 picta,
273 3337 439 3406 totumque,
456 3327 585 3399 solidum,
600 3328 654 3386 doc
670 3326 759 3386 verbu
775 3328 945 3403 resignent,
962 3325 1035 3406 qnod
1050 3347 1119 3407 pro·

98 3414 161 3492 pric
186 3423 230 3472 est
252 3414 333 3490 siguo
354 3414 446 3472 soluto
466 3415 494 3472 iu
523 3413 614 3473 lucem
643 3412 776 3491 proferre
800 3410 874 3490 quod
896 3411 1021 3472 clausum
1044 3422 1117 3475 erat.

101 3498 188 3572 Quod
203 3498 280 3558 Ιιιιι
291 3517 404 3557 urcouo
411 3499 515 3577 fibra,
532 3519 587 3578 qua
602 3499 737 3557 scutimus
752 3496 918 3569 (1‚t⁷)uon
932 3497 1117 3568 enarrabile,

98 3592 130 3641 ot
143 3584 252 3654 omnia,
275 3603 347 3662 quae
361 3603 431 3644 vcro
447 3586 501 3643 inuo
516 3595 634 3665 pectore
650 3584 803 3654 sentimus,
836 3585 885 3642 vix
899 3583 994 3642 verbis
1009 3581 1118 3643 recludi

98 3686 186 3748 posse
202 3666 341 3728 videntur.

183 3774 211 3813 r.
228 3757 368 3816 30-51.
392 3755 532 3832 Purpura
547 3764 591 3812 est
606 3767 673 3833 toga
689 3764 854 3832 praetenta,
874 3748 1117 3835 περιπόρφυρος,

98 3850 130 3897 ιι
157 3836 231 3918 apud
260 3838 419 3898 luvenalcm
443 3838 506 3909 (Xl,
531 3844 623 3910 155)=
654 3859 723 3918 quos
747 3838 850 3898 ardens
873 3857 995 3917 purpure
1019 3839 1118 3899 vertit.

98 3923 177 3984 llnuc
199 3923 235 3983 nb
255 3923 383 3983 Etruscis
407 3922 563 3983 desumtnm
587 3925 701 3996 (llilller
720 3924 782 3983 lltr.
805 3924 818 3983 l
839 3944 867 4002 p.
882 3926 957 3997 261)
979 3925 1061 4002 pueri
1075 3925 1120 3983 iu·

97 4006 183 4085 genui
199 4009 361 4084 gestabant,
377 4020 407 4067 ιι
423 4011 602 4088 magistratus
618 4009 761 4090 (llacrolu.
779 4007 840 4067 Sat.
850 4009 872 4077 l,
880 4012 931 4081 8),
946 4028 1018 4088 qua,
1034 4019 1065 4068 ut
1079 4008 1119 4068 nit

97 4093 284 4166 Quintilianus
309 4092 394 4168 (decl.
414 4098 478 4156 340
498 4115 528 4173 p.
551 4098 613 4157 316
632 4095 725 4173 Rip),
760 4095 948 4155 infirmitatem
977 4095 1119 4173 pueritiae

96 4198 207 4238 oncrum
230 4180 431 4239 iaciebantur
455 4180 662 4250 venerabilem,
692 4176 765 4238 uude
788 4178 903 4239 Persius
925 4198 988 4239 eam
1007 4182 1118 4258 pour'do

96 4283 187 4343 puero
203 4267 348 4324 custodem
359 4265 450 4325 luisse
465 4263 542 4325 dicit.
564 4266 694 4324 Alterum
709 4265 891 4342 ingenuorum
908 4285 1058 4343 puerorum
1074 4265 1118 4324 in·

96 4350 179 4427 signe
194 4360 223 4408 ιι
237 4351 329 4429 iprum
345 4351 380 4408 ab
404 4350 532 4411 Etruscis
555 4360 701 4429 acceptum
723 4350 805 4410 dullu
827 4369 914 4409 aurea
929 4362 1002 4410 erut.
1034 4350 1119 4410 Fico-

96 4437 176 4508 roni,
192 4435 219 4495 la
233 4436 309 4494 holla
324 4434 404 4494 d'oro
420 4432 466 4496 do’
481 4436 606 4496 lauciulli
622 4436 707 4496 nobili
723 4435 850 4496 llomaui.
873 4435 954 4496 liouu.
979 4439 1071 4499 1732.
1086 4441 1117 4498 1.

176 4734 398 4764 a*
