2574 5054
519 803 602 865 SAT.
620 804 667 876 Vl,
684 808 713 866 3.
1057 800 1120 868 213

102 974 180 1033 obss.
202 975 276 1033 critt.
299 994 327 1052 p.
343 978 410 1051 43).
451 971 495 1034 Ad
519 972 638 1033 eundem
659 974 757 1032 librom
780 974 934 1034 referenda
955 987 1019 1034 sunt
1047 996 1120 1056 qnae

102 1059 185 1119 all'ert
200 1058 351 1119 Diomedes
368 1060 417 1134 (lll
431 1081 459 1139 p.
476 1063 538 1122 513
553 1057 614 1133 P.):
637 1059 839 1131 „Molossicum
855 1072 972 1120 metrum
989 1063 1053 1120 mibi
1070 1061 1120 1122 do·

103 1147 242 1203 risaimnm
270 1143 392 1205 videtur.
431 1145 519 1205 liuius
546 1146 702 1223 exemplum
730 1144 778 1203 dat
798 1147 960 1205 Caesius
984 1145 1121 1207 bassus

104 1230 178 1290 tale:
200 1232 458 1290 Romom‘ot'ctorcs
475 1232 628 1290 Germanis
645 1232 797 1289 deor'ctrs.“
819 1232 861 1289 lta
876 1231 945 1308 lcgit
962 1230 1121 1305 Putscbius,

104 1326 134 1374 ot
148 1325 229 1375 vetus
244 1313 336 1374 codex
350 1314 422 1395 apud
439 1315 553 1395 Sciopp.
570 1334 646 1393 susp.
664 1316 742 1375 lectt.
755 1315 791 1386 V,
805 1320 863 1387 ta;
880 1328 965 1376 antea
973 1316 1122 1395 legebatur

107 1402 241 1476 Celsius,
263 1400 374 1478 vulgari
397 1402 576 1480 corruptione
601 1404 641 1479 (v.
658 1400 692 1458 ad
717 1401 810 1473 Quint.
833 1403 850 1460 l.
871 1401 902 1474 Ι.)
926 1412 972 1461 eta
1001 1406 1125 1462 Romani

107 1486 201 1545 Galles
218 1487 339 1545 &victas
356 1496 429 1545 sunt
448 1487 573 1546 victores
597 1486 646 1559 (cf.
663 1487 748 1546 Voss.
766 1484 801 1546 de
817 1487 882 1545 bist.
896 1485 960 1545 Lat.
976 1488 998 1558 1,
1014 1493 1067 1550 22.
1085 1485 1121 1548 de

104 1581 193 1651 poott.
206 1569 293 1647 ¹batt.
306 1574 350 1642 3).
382 1570 460 1631 later
479 1590 550 1643 eos,
573 1572 620 1652 qui
640 1590 798 1630 mensuram
814 1573 842 1630 in
858 1572 959 1631 fabulis
975 1584 1121 1652 poetaram

103 1657 275 1716 comicorum
298 1667 381 1735 atque
402 1657 573 1735 tragicorum
594 1675 660 1715 esse
676 1654 822 1726 dixerunt,
848 1658 975 1717 refertur
990 1677 1006 1717 a
1022 1657 1122 1717 Rufino

105 1747 147 1819 (p.
162 1745 246 1804 2713
262 1740 309 1819 P.)
325 1743 413 1817 etiam¹
426 1742 585 1801 Caesius
602 1740 752 1800 bassus.
781 1740 865 1801 Edita
880 1753 925 1802 est
939 1745 1014 1802 inter
1027 1762 1122 1822 gram

105 1824 433 1885 maticosPntscbiiArs
446 1826 571 1887 Gaesii
584 1824 691 1886 Bassi
706 1824 747 1886 de
763 1828 888 1886 metris
899 1831 1122 1908 (p.2db3aqq.),

105 1911 220 1970 maioris
235 1912 330 1991 operis
346 1912 485 1990 epitome,
508 1922 540 1970 ut
560 1910 687 1982 videtur,
708 1913 889 1991 interpolata.
921 1911 976 1970 lam
993 1933 1061 1972 vero
1076 1915 1124 1971 vix

104 1994 218 2054 videtur
238 1994 367 2065 dubium,
400 1997 464 2076 quin
494 1995 528 2056 ad
551 1994 670 2056 eundem
693 1999 859 2075 scriptorem
882 2000 1025 2075 pertineat
1049 1996 1122 2077 quod

105 2079 211 2159 legitur
225 2079 298 2159 apud
314 2080 440 2140 Rufinum
463 2082 506 2161 (p.
524 2086 638 2154 attat:
661 2080 822 2141 Bassius
847 2084 915 2159 (leg.
931 2085 1055 2154 Bassus)
1081 2080 1124 2141 ad

105 2164 285 2226 Neronem
302 2164 711 2226 deiambicosicdixit.
736 2167 971 2239 Quaeibiaffert,
988 2168 1124 2226 caomnia

105 2269 197 2329 paene
213 2253 357 2330 expressit
371 2252 560 2312 Terentianus
575 2251 689 2310 Maurus
702 2273 727 2309 v.
737 2256 959 2324 2249-2262,
976 2262 1006 2311 et
1020 2253 1123 2331 optimc

106 2333 243 2416 quadrat,
266 2334 339 2417 qnod
355 2337 520 2395 Victorinus
536 2337 554 2396 l.
571 2336 589 2395 l.
605 2337 734 2396 Caesium
751 2335 868 2397 Bassum
885 2348 950 2418 post
965 2338 1124 2397 Cornelium

105 2420 277 2500 Epicadum,
295 2421 390 2481 Sullae
406 2422 533 2481 libertum
551 2420 643 2496 (Suet.
659 2441 703 2500 gr.
722 2428 771 2495 12)
789 2424 892 2482 vixisse
908 2434 1003 2494 notat,
1019 2434 1125 2482 utrum·

106 2526 161 2585 quc
177 2527 246 2566 vero
262 2527 278 2564 a
295 2507 454 2579 Lactantio,
477 2527 546 2566 suae
562 2511 714 2567 memoriae
737 2510 866 2581 metrico,
883 2511 1014 2585 seiungit.
1045 2509 1125 2568 Hunc

107 2593 193 2670 igitur
222 2592 351 2651 Caesium
382 2592 514 2665 Bassum,
543 2594 590 2672 qui
618 2592 741 2651 Neronis
772 2593 944 2672 temporibus
968 2593 1004 2652 de
1029 2595 1126 2653 metris

108 2678 239 2755 scripsit,
261 2676 380 2735 eundem
403 2698 470 2738 esse
493 2689 577 2757 atque
599 2689 710 2756 poetam
733 2678 869 2757 lyricum,
890 2698 1054 2762 quamquam
1070 2700 1125 2737 non

106 2773 203 2840 potest
218 2783 268 2841 pro
284 2774 364 2822 certo
380 2764 531 2835 affirmari,
555 2765 630 2823 nulla
654 2775 745 2822 tamcn
762 2784 849 2822 causa
865 2776 927 2836 ast,
950 2784 1002 2822 cur
1016 2763 1126 2824 discer-

108 2860 229 2907 natura
253 2848 343 2927 lyrico
366 2850 516 2920 metricus,
540 2858 570 2907 ut
592 2851 675 2908 iussit
690 2849 852 2909 Wcicbert.
871 2850 890 2908 Ι.
910 2849 927 2907 Ι.
957 2849 1126 2909 Contrarias

108 2931 269 2993 sententiae
291 2945 408 3012 praeter
427 2935 546 2992 nominis
569 2943 599 2993 ct
625 2936 759 3012 temporis
788 2935 885 2992 miram
914 2936 1126 3010 congruentiam

109 3019 187 3076 favet
209 3017 235 3076 id
258 3039 385 3099 quoquc,
409 3018 482 3099 quod
505 3020 601 3078 similis
623 3020 799 3097 grammatici
821 3029 905 3097 atquc
921 3020 1026 3098 poetici
1042 3017 1126 3078 studii

108 3105 268 3163 coniunctio
290 3125 381 3183 neque
403 3105 527 3163 insolens
543 3124 634 3184 neque
650 3106 814 3183 infrequens
830 3115 909 3174 erat,
932 3114 963 3162 et
977 3103 1050 3183 quod
1065 3106 1126 3182 ipse

108 3188 223 3249 Persius
238 3210 282 3247 vv.
299 3192 371 3248 marc
392 3187 493 3268 speses
514 3192 643 3248 numeris
666 3192 794 3249 eximiam
817 3186 953 3268 quandam
977 3200 1127 3248 metrorum

108 3275 237 3352 peritiam
252 3273 414 3353 significare
429 3274 551 3334 videtur.
588 3275 618 3332 ln
642 3295 676 3334 ea
699 3277 839 3333 sententia
860 3287 924 3333 sunt
939 3273 1126 3334 Wcrnsdorl'.

109 3360 130 3419 l.
146 3360 176 3428 1.,
191 3358 328 3431 Leutscb,
346 3359 553 3419 Griecb.llletr.
569 3361 648 3439 534,
658 3366 686 3422 2.
710 3361 768 3418 lloc
778 3360 841 3417 loco
849 3359 875 3418 id
886 3379 995 3439 quoque
1005 3379 1128 3419 comme·

110 3443 271 3503 morandum
292 3444 417 3515 vidctur,
442 3445 532 3503 fuisse
554 3445 657 3504 Bassi
680 3446 766 3503 libros
789 3445 829 3503 dc
853 3447 1000 3522 origine
1023 3465 1128 3503 voca·

108 3530 293 3601 bulcrum,
317 3551 387 3608 quos
404 3530 487 3588 allent
503 3529 609 3589 Gellius
627 3529 686 3603 (lll,
705 3535 754 3593 19.
773 3531 809 3600 V,
825 3536 874 3604 7),
899 3531 995 3588 librum
1016 3533 1128 3588 tertium

111 3615 157 3686 (ll,
173 3620 203 3684 4,
222 3620 253 3688 3)
270 3625 300 3673 et
315 3617 461 3694 septimum
479 3615 541 3688 (xl,
560 3621 608 3688 17,
626 3621 676 3687 d),
705 3637 800 3674 verum
817 3618 841 3673 is
858 3627 975 3675 vocatur
990 3614 1036 3673 Ga
1047 3617 1128 3675 vius

111 3721 162 3760 seu
193 3699 333 3758 Gabios
364 3701 514 3760 Bassus.
558 3700 691 3760 Eiusdem
722 3701 820 3760 librum
857 3700 897 3761 de
927 3700 1129 3759 verborum

111 3786 411 3864 significatione
436 3785 530 3845 laudat
550 3785 711 3845 Macrobius
735 3786 807 3858 (Sat.
829 3785 865 3857 ll,
891 3790 958 3858 11),
990 3805 1129 3845 commcn-

112 3873 205 3931 torr'os
227 3870 333 3929 Gellius
359 3871 542 3945 (111,9.18).
573 3871 636 3931 Nee
658 3870 787 3930 diversus
811 3882 873 3942 est,
896 3871 942 3951 qui
966 3870 1064 3928 librum
1088 3868 1129 3930 de

111 3956 185 4015 diis
208 3958 339 4034 scripsit,
361 3976 443 4035 quem
466 3957 554 4014 citant
567 3957 729 4016 Macrobius
753 3955 826 4027 (Sat.
844 3955 865 4026 l,
880 3960 911 4028 9)
930 3966 959 4015 et
973 3955 1013 4014 lo.
1031 3953 1130 4034 Lydos

112 4041 159 4110 (de
181 4061 286 4100 menss.
303 4042 351 4113 lV,
369 4048 428 4119 2p.
446 4045 486 4102 57
503 4039 602 4113 scu),
617 4042 664 4100 ubi
685 4045 716 4099 Γ
714 4037 779 4110 olibe
799 4036 925 4110 Βάσσος
946 4038 978 4098 ἐν
997 4041 1040 4119 aqi
1060 4039 1131 4123 napi

111 4127 194 4185 θεῶν
217 4128 338 4205 legitur3
365 4147 401 4185 cx
426 4125 526 4185 eodem
547 4126 619 4185 libro
641 4128 756 4205 petitum
793 4136 839 4184 est
866 4123 941 4204 qood
963 4125 1131 4185 Lactantius

113 4210 147 4285 (1.
165 4210 199 4269 ll.
217 4213 238 4282 1,
253 4216 305 4283 22,
320 4214 352 4289 9)
368 4212 458 4271 Gabio
474 4211 565 4271 basso
581 4223 698 4271 auctore
714 4210 749 4270 de
765 4210 854 4269 Fatua
871 4221 976 4282 namot,
992 4221 1022 4270 ct
1036 4221 1132 4289 potest

112 4295 148 4354 ad
174 4296 294 4355 eundem
317 4299 419 4357 rcierri
442 4295 516 4377 quod
532 4317 549 4356 e
565 4296 653 4356 Gavio
670 4297 760 4356 Basso
775 4295 861 4355 babet
874 4296 1036 4355 blacrobios
1055 4294 1129 4368 (Sat.

112 4381 159 4451 ΙΙΙ,
176 4386 216 4454 6).
246 4383 298 4441 llic
319 4384 406 4461 igitur
427 4383 454 4441 in
479 4382 560 4442 Gellii
583 4381 646 4441 cod.
663 4384 744 4461 regio
760 4381 907 4453 Gavius,
930 4383 957 4441 in
973 4383 1036 4441 aliis
1051 4381 1130 4441 libris

114 4465 256 4527 Gabius
272 4479 407 4542 vocatur,
422 4488 475 4529 nec
491 4467 610 4542 desunt,
632 4470 678 4548 qui
700 4467 820 4527 Gaium
836 4477 949 4529 vocent.
977 4468 1131 4527 Gaviorum
