2574 5054
441 746 526 810 SAT.
540 749 578 821 V,
595 754 655 813 135
665 781 705 796 —·
717 753 788 813 146.
1044 741 1109 811 263

85 917 223 993 1141411),
244 937 318 1001 quse
328 919 395 980 Cois
418 941 529 1002 qnoque
552 918 674 980 vindieat
689 915 847 980 Brundsted
863 924 941 998 (roy.
957 928 987 977 et
1001 917 1110 978 reeb!

86 1027 118 1085 p.
138 1011 179 1069 83
193 1015 261 1087 sq).
293 1007 384 1085 Piper
404 1006 527 1067 indicum
551 1011 616 1080 (55)
639 1026 677 1066 ex
697 1004 775 1066 india
797 1006 912 1065 camelis
934 1005 1108 1083 potissimum

87 1091 290 1152 Alexandriam
319 1093 519 1170 asportabatur
548 1091 631 1166 (Piis.
659 1091 708 1163 Vl,
735 1095 788 1162 28,
808 1095 860 1155 26.
887 1090 925 1149 41.
949 1088 1107 1162 llilllmsnu,

89 1176 315 1256 flandelsgescb.
339 1176 367 1236 d.
390 1178 504 1238 Griecb.
521 1198 548 1255 p.
569 1181 633 1239 217
648 1184 734 1258 sqq),
757 1176 822 1236 inde
844 1175 969 1235 Romam.
998 1173 1109 1235 Noster

86 1266 174 1343 igitur
188 1283 291 1323 reeens
301 1264 407 1342 piper,
424 1262 497 1343 quod
512 1261 594 1322 modo
610 1273 784 1341 asportatum
801 1274 863 1332 441,
875 1262 991 1340 prtinus
1006 1260 1108 1318 tollere

86 1349 211 1420 iubetur,
226 1369 281 1429 quo
295 1350 384 1408 maius
400 1349 506 1408 lucrum
522 1348 636 1421 babeat,
652 1351 689 1408 41.
702 1348 885 1426 Lucillrgm.
900 1347 981 1417 V,3:
1006 1343 1109 1417 „Sicut

87 1455 152 1495 curn
172 1434 242 1494 licus
264 1435 370 1513 primus
394 1435 512 1513 propola
538 1445 672 1493 recentes
692 1433 812 1492 Protulit
834 1445 864 1493 et
885 1433 977 1510 pretio
999 1431 1108 1509 ingenti

86 1518 138 1581 dat
159 1520 281 1599 primitu'
301 1539 406 1599 pauens
424 1530 473 1593 (ex
488 1519 510 1579 Ι.
528 1517 668 1597 Scaligeri
683 1517 817 1592 emend).
856 1519 991 1577 Comelus
1006 1515 1109 1577 dieitur

85 1607 203 1677 sitiens,
219 1604 347 1687 quindiu
362 1607 436 1664 sitim
451 1605 576 1665 tolerare
591 1616 686 1685 potest
704 1604 787 1678 (Plin.
803 1602 907 1674 XVIll,
926 1608 988 1675 18).
1015 1605 1108 1662 Verte

87 1693 221 1770 aliquid,
244 1702 276 1749 ut
296 1702 405 1750 mutare
427 1699 464 1766 (v.
483 1695 535 1764 54)
552 1689 587 1749 de
603 1701 780 1760 mercatura,
804 1689 894 1749 Plant.
912 1687 993 1748 Cnrc.
1010 1687 1060 1760 tv,
1078 1692 1107 1761 1,

86 1781 129 1839 23
145 1778 181 1836 41.
199 1775 285 1836 Gran.
301 1775 337 1837 do
352 1797 418 1856 pec.
435 1787 507 1837 vett.
526 1776 575 1847 lV,
593 1782 651 1849 tt,
676 1774 749 1856 qnod
771 1786 863 1834 tamen
885 1785 948 1853 post
962 1793 1013 1846 eo,
1034 1793 1107 1855 qnae

87 1861 282 1942 praecedunt,
304 1861 385 1922 valde
408 1863 537 1941 frigeret.
570 1861 706 1920 Fortasse
726 1862 812 1940 igitur
834 1871 949 1920 uertere
971 1857 1041 1919 dixit
1054 1878 1107 1940 pro

88 1967 243 2008 uersurum
250 1947 376 2026 secere,
393 1947 466 2028 qnod
483 1959 545 2018 est,
561 1958 636 2007 teste
651 1947 673 2006 F
675 1958 755 2018 este,
771 1957 892 2005 mutuam
908 1946 1055 2025 pecuniam
1071 1945 1107 2005 ab

88 2035 183 2113 aliquo
199 2053 312 2093 sumere
333 2035 384 2107 (41.
401 2036 487 2112 intpp.
503 2031 539 2092 sd
555 2033 623 2092 Ter.
640 2032 751 2092 Phorm.
768 2032 804 2104 V,
820 2037 851 2104 2,
869 2036 938 2105 15);
959 2040 1016 2089 lum
1032 2028 1108 2110 quod

87 2118 166 2178 addit
188 2121 256 2178 iuro
277 2119 362 2178 facile
383 2120 565 2197 intelligitur,
588 2138 631 2178 sc.
657 2130 686 2178 te
710 2139 765 2177 non
781 2118 930 2197 accepisse
945 2118 1105 2196 pecuniam.

87 2204 179 2264 Nemo
203 2206 312 2277 nescit,
342 2215 517 2284 quantopere
541 2205 570 2262 in
592 2205 711 2264 foenore
742 2204 915 2282 potissimum
943 2199 1107 2262 exercendo

87 2290 159 2350 fides
175 2289 306 2349 violetur.
336 2289 468 2348 Ceterum
484 2308 637 2348 versurum
649 2287 778 2366 secere,
795 2299 827 2347 nt
841 2287 971 2347 Donatus
986 2285 1021 2346 nd
1036 2286 1105 2347 Ter.

88 2375 142 2435 Ι.1.
159 2377 215 2447 ait,
236 2374 338 2434 dicitur
353 2377 453 2447 etiam,
476 2395 539 2434 eum
560 2376 667 2433 minore
683 2377 802 2433 foenore
818 2383 962 2453 acceptam
979 2375 1040 2454 quis
1056 2392 1108 2452 pe·

87 2463 198 2521 cuniam
215 2461 321 2520 maiore
344 2473 474 2538 occupat.
508 2463 569 2519 Sed
588 2463 744 2538 luppiter,
768 2461 813 2537 qni
830 2461 1002 2538 peierantem
1018 2460 1107 2536 punit,

87 2547 208 2605 audiet!
230 2548 312 2605 l'oro
331 2547 390 2604 sive
407 2547 498 2617 bero,
516 2557 547 2604 ut
561 2565 577 2605 e
593 2545 664 2603 loeis
680 2547 707 2604 in
723 2565 787 2604 ano.
804 2547 868 2604 erit.
885 2543 1004 2603 laudatis
1020 2565 1107 2622 appa·

86 2644 149 2703 ret,
172 2631 285 2689 stultum
308 2633 465 2710 significat,
495 2630 530 2690 de
552 2650 623 2690 voce
644 2632 808 2710 ceteroquin
830 2631 952 2690 obscura
974 2631 1019 2710 qni
1041 2630 1106 2689 VV.

87 2717 152 2777 llll.
177 2719 334 2776 sententias
357 2737 534 2795 cognoscere
556 2717 649 2786 volet,
674 2715 758 2775 ndeot
778 2727 894 2794 praeter
914 2718 1001 2794 intpp.
1025 2716 1053 2774 ll.
1077 2716 1107 2776 ll.

85 2804 191 2863 Alciat.
207 2821 322 2880 parerg.
338 2803 391 2860 iur.
408 2802 443 2871 V,
461 2806 512 2863 16.
539 2801 684 2860 Pitboenm
701 2800 781 2861 advv.
795 2800 828 2872 ll,
838 2807 867 2864 8.
884 2800 1008 2861 Turneb.
1024 2800 1107 2861 edvv.

87 2887 186 2958 1114.
205 2886 271 2957 XX,
289 2893 316 2949 1.
333 2886 418 2945 Voss.
436 2887 530 2966 Etym.
548 2907 571 2945 4.
587 2908 615 2946 v.
638 2887 771 2965 llutgers.
789 2889 866 2946 lectt.
883 2886 993 2947 Venus.
1011 2908 1037 2947 e.
1054 2892 1106 2951 28.

87 2973 232 3043 1141114444,
248 2982 315 3030 4411.
332 2991 392 3031 444.
408 2973 472 3031 Lat.
488 2971 547 3032 len.
560 2972 687 3051 1142113.
705 2971 1107 3050 Doderlein,Lat.Synon.lV

87 3078 115 3137 p.
130 3062 204 3121 226.
234 3059 366 3135 Peruges
387 3078 428 3115 sc.
453 3061 552 3128 vitam,
576 3070 606 3117 ut
628 3058 801 3118 Graecorum
818 3054 932 3135 deripere
947 3059 1106 3133 (Demostb.

87 3163 114 3202 c.
129 3145 257 3220 Aristog.
274 3141 285 3199 l
302 3144 318 3220 ἕ
333 3147 373 3203 82
390 3164 416 3221 p.
433 3146 504 3205 794.
522 3143 596 3202 Xen.
612 3144 682 3223 Cyr.
699 3143 831 3215 1,4,14.
848 3143 1105 3217 1114444.Χ1,81.

86 3229 179 3306 Long.
196 3238 272 3308 past.
290 3226 329 3286 lll
344 3248 371 3304 p.
388 3233 428 3290 88
445 3229 541 3300 Vill.),
557 3239 709 3288 cernentes
723 3230 876 3289 terebrare
890 3231 1034 3303 saisitum,
1052 3251 1107 3311 quo

88 3312 226 3373 Graecum
250 3315 427 3392 proverbium
450 3310 536 3372 ἁλίαν
565 3316 681 3396 τρυπᾶν
703 3317 851 3393 exprimit,
878 3315 951 3394 opud
973 3317 1107 3396 Apellen.

87 3399 179 3477 Tyun.
204 3418 268 3476 epp.
290 3397 359 3457 Vll:
379 3393 467 3474 Ἐμοὶ
488 3397 521 3457 δὲ
544 3394 656 3473 εἴητὴν
682 3396 768 3459 ἁλίαν
784 3402 900 3482 τρυπᾶν
922 3399 953 3459 ἐν
977 3401 1108 3480 θέμιδος

88 3482 163 3561 οἴκῳ
173 3529 184 3555 ,
210 3481 282 3563 quod
299 3504 360 3541 cum
377 3494 474 3542 nostro
491 3484 553 3543 loco
569 3487 697 3545 certatim
714 3499 932 3563 composuerunt
947 3488 1010 3548 VV.
1027 3488 1107 3559 DD.,

87 3570 126 3627 41.
136 3570 169 3627 1..
188 3569 243 3627 Bos
258 3567 414 3626 animadvv.
432 3588 461 3647 p.
473 3575 513 3631 43
523 3591 565 3650 sq.
581 3570 690 3629 Villois.
707 3571 741 3629 nd
759 3571 849 3650 Long.
860 3577 968 3650 prot.
986 3574 1108 3646 Becker,

87 3654 343 3731 coartetlplts.
360 3654 520 3713 ilemsterh.
538 3664 610 3729 (not.
621 3655 815 3716 adlambl.ed.
826 3659 948 3717 alieelio
965 3659 1107 3717 Zeitscbr.

87 3741 108 3798 1.
131 3742 282 3799 Altertbw.
309 3744 391 3801 1840
407 3761 433 3817 p.
454 3746 515 3811 17).
551 3743 686 3800 Saleirum
710 3745 802 3801 tenuis
824 3754 854 3800 et
877 3745 993 3821 frugalis
1016 3745 1108 3802 victus

86 3827 246 3903 proprium,
262 3835 468 3902 regustatum,
490 3828 591 3884 iterum
608 3827 764 3906 iterumque
781 3837 935 3898 tentatum,
957 3830 1107 3904 4141441414-

87 3911 213 3969 rebrure
235 3912 429 3989 pauperrimus
453 3921 557 3969 tontum
573 3914 694 3988 cogitur.
725 3915 763 3969 Si
783 3914 898 3981 lerdis,
915 3923 946 3970 ut
961 3910 1108 3973 intendere

87 3994 137 4073 (ll,
153 3998 225 4074 49),
242 3997 357 4054 studere
373 3997 411 4053 41.
429 3995 494 4054 1144.
512 4015 578 4073 epp.
595 3996 629 4066 ll,
645 4001 675 4067 2,
693 4002 743 4059 57.
759 3994 818 4054 luv.
833 3996 871 4067 X,
888 4001 944 4067 54,
960 4017 1023 4055 eum
1038 4000 1108 4056 1444

87 4085 206 4153 oluere,
237 4084 276 4140 114
300 4081 442 4139 41144144
465 4080 539 4159 quod
561 4081 649 4140 iubet.
688 4081 740 4140 llis
764 4080 849 4158 igitur
871 4079 1107 4141 admonitionibus

87 4167 218 4225 ellectum
235 4178 288 4237 441,
305 4176 335 4224 111
350 4167 555 4242 navigationem
572 4185 667 4244 pares.
684 4168 747 4224 lam
762 4168 823 4243 ipse
839 4169 1015 4237 sreecr'rctus,
1033 4165 1109 4246 quod

88 4254 186 4311 144444
209 4252 339 4311 solebant
361 4252 407 4329 qoi
429 4270 461 4308 44
483 4253 562 4327 operi
579 4250 662 4310 alicui
678 4250 883 4327 expediebant,
906 4251 1030 4310 411144.
1049 4263 1105 4312 441.

87 4337 121 4408 ll,
137 4341 167 4408 6,
187 4342 255 4399 167.
271 4337 355 4394 11441.
371 4334 435 4405 Xll,
451 4339 503 4406 24,
519 4341 548 4406 7,
560 4338 685 4413 puerr‘s,
703 4337 809 4406 serris,
825 4338 872 4416 qui
889 4347 916 4394 te
933 4337 1107 4396 comitabun-

87 4435 140 4494 tur,
158 4434 245 4506 uplns
258 4423 384 4501 pellem,
401 4442 456 4501 qun
471 4423 609 4480 sarcinam
626 4421 775 4480 involutam
791 4432 905 4499 portent
920 4422 971 4495 (41.
990 4421 1106 4481 Patron.

869 4552 1182 4728 st
