2574 5054
155 778 239 822 ..xx
365 729 426 864 'V
477 754 843 818 ruuuncuuurm.

154 927 253 992 sinum
275 947 307 989 n.
324 923 410 990 8272
432 946 499 990 cum
523 926 654 991 editione
676 924 818 991 Parisino
838 946 868 989 a.
887 921 969 989 1613
991 928 1125 1003 contuli,
1150 939 1182 992 et

153 1049 292 1113 magnam
317 1039 431 1112 purtem
454 1027 621 1113 descripsi,
646 1041 788 1108 ceteros,
814 1050 888 1111 quus
910 1049 1000 1112 supra
1016 1031 1180 1093 memoravi

154 1132 269 1195 maiore
284 1131 441 1195 minoreve
458 1152 530 1194 cura
546 1131 739 1215 perlustravi,
757 1141 788 1194 et
803 1131 1014 1195 memorabiles
1030 1129 1181 1196 lectiones

154 1233 205 1300 vel
219 1234 244 1296 si
261 1233 330 1315 quid
346 1233 479 1296 additum
496 1232 599 1296 iuveni
615 1244 720 1297 notatu
736 1235 857 1319 dignum
880 1234 911 1296 iu
934 1232 1053 1297 ebartas
1076 1234 1179 1296 retuli.

153 1333 322 1400 Praeterea
343 1344 423 1414 tres,
447 1357 521 1418 quas
542 1337 702 1413 recensui,
728 1333 859 1400 Cornuti
881 1337 1032 1400 editiones
1055 1336 1093 1398 ad
1119 1357 1181 1398 ma·

155 1459 225 1502 num
247 1437 347 1501 habui.
377 1436 433 1500 llis
456 1438 497 1500 ita
514 1457 585 1501 usus
601 1458 686 1514 sum,
710 1449 744 1502 ut
758 1438 785 1502 si
801 1438 870 1520 quid
886 1439 916 1501 iu
933 1438 1031 1521 aliqua
1047 1437 1182 1501 editione

154 1559 333 1624 expressum
346 1539 420 1603 vele
433 1540 538 1602 codice
548 1552 683 1604 notatum
692 1541 957 1625 reperirem,quod
966 1540 1072 1605 melius
1083 1552 1179 1618 esset,

155 1664 241 1726 quam
259 1642 336 1726 quod
353 1641 445 1704 editio
461 1638 645 1707 Parisieusis
661 1665 691 1706 a.
710 1640 805 1722 1613,
829 1663 916 1725 quam
933 1664 987 1727 pro
1003 1643 1181 1707 lundomen-

155 1756 187 1809 to
203 1745 312 1822 babui,
335 1743 490 1827 praebuit,
514 1744 543 1807 id
559 1745 590 1807 io
606 1755 722 1807 textum
740 1747 920 1830 reciperem.
952 1740 1062 1809 Varias
1077 1754 1179 1833 autem

155 1847 303 1911 lectiones
319 1857 381 1909 tum
397 1846 514 1910 demum
530 1846 652 1924 addidi,
675 1845 726 1909 ubi
749 1847 913 1932 disceptari
927 1858 1032 1932 posset
1047 1848 1084 1910 de
1100 1848 1181 1910 veri·

155 1957 218 2012 tate
238 1948 397 2024 lectionis,
428 1959 480 2010 aut
499 1947 548 2010 ubi
576 1948 777 2012 memorabilis
806 1949 898 2013 lectio
927 1949 1039 2012 ucoulti
1069 1950 1181 2013 ulceris

155 2050 356 2134 suspicionem
373 2049 520 2133 praebere
536 2049 705 2113 videretur.
725 2048 807 2114 Nam
822 2051 853 2113 in
870 2052 1017 2115 eiusmodi
1033 2051 1182 2135 scriptore

154 2152 184 2217 id
201 2173 347 2217 summum
364 2151 434 2214 mibi
450 2151 590 2230 videtur,
614 2161 648 2214 ut
670 2162 774 2216 textus
796 2163 1062 2237 repraesentetur,
1087 2172 1181 2235 quan·

156 2266 217 2320 tum
240 2254 304 2319 lieri
327 2262 428 2338 potest
450 2254 628 2318 emendatus
652 2264 684 2318 et
697 2254 775 2317 liber
789 2253 827 2319 ab
842 2254 1086 2337 interpolationis
1101 2253 1182 2317 arbi-

154 2358 267 2422 trariae
284 2357 474 2441 suspicione,
499 2377 566 2418 oum
581 2375 696 2419 sumnia
718 2356 861 2441 temporis
883 2367 916 2420 et
937 2356 1062 2422 cbartce
1086 2356 1183 2441 parsi-

155 2461 268 2524 monia.
317 2457 503 2541 Quamquam
534 2467 633 2520 autem
663 2457 695 2520 iu
732 2458 914 2523 editionibus
944 2457 1075 2540 antiquis
1106 2458 1183 2522 baec

155 2561 270 2626 scholia
294 2560 383 2625 valde
407 2569 546 2642 corrupta
568 2569 657 2634 suut,
681 2579 790 2642 magna
811 2571 913 2624 mmen
940 2580 1009 2645 pars
1037 2561 1180 2624 uitiorum

155 2665 196 2728 ita
228 2674 401 2747 comparata
431 2673 498 2739 est,
529 2671 562 2723 ut
590 2659 731 2725 adhibitis
760 2661 855 2727 uariis
885 2661 1065 2727 lectionibus
1096 2674 1183 2727 certo

155 2765 310 2829 emendari
333 2765 498 2848 potuerint.
536 2760 594 2826 Vel
624 2763 668 2826 sic
689 2773 810 2827 restant
831 2765 889 2828 luci
914 2765 1069 2849 corrupti,
1092 2785 1181 2848 quos,

155 2866 206 2931 nbi
228 2888 289 2930 non
305 2867 406 2931 statim
428 2867 547 2930 medela
569 2864 738 2952 succurrit,
763 2865 894 2930 intactos
916 2865 1035 2948 reliqui.
1073 2863 1122 2929 De
1145 2888 1181 2931 ea

156 2981 256 3034 autem
279 2991 314 3034 re
339 2990 515 3054 persuasum
540 2969 580 3032 sit
602 2967 730 3043 lecturi,
754 2967 780 3030 si
796 2968 827 3030 iu
842 2967 896 3030 tali
911 2968 980 3032 loco
996 2967 1069 3031 nibil
1086 2990 1182 3032 anno

156 3081 249 3136 tatum
279 3071 433 3149 inveniet,
457 3092 504 3134 me
537 3070 610 3134 nihil
639 3070 743 3133 variae
772 3069 913 3134 lectionis
942 3071 1116 3155 reperisse,
1151 3083 1184 3135 ut

157 3175 280 3239 omnino
298 3194 358 3237 nou
374 3173 460 3238 omisi
476 3173 606 3249 afferre,
631 3193 707 3255 quae
729 3171 857 3235 alicuius
877 3193 935 3235 usu
958 3191 1026 3236 esse
1049 3175 1182 3258 possint,

118 3344 125 3357 ,
157 3297 254 3360 neque
277 3277 434 3360 quidquam
455 3276 487 3338 in
508 3275 564 3339 bac
580 3274 712 3339 editione
728 3273 808 3356 legi,
832 3274 910 3356 quod
934 3294 995 3337 nou
1019 3275 1106 3339 codd.
1130 3287 1184 3339 aut

157 3380 245 3444 editt.
258 3379 351 3461 antiq.
363 3379 420 3441 tide
433 3378 559 3441 nitatur.
577 3374 658 3439 Nam
674 3375 702 3439 id
720 3375 814 3439 credo
830 3376 982 3441 neminem
995 3397 1063 3440 esse
1073 3377 1184 3462 impro-

157 3481 316 3556 baturum,
341 3469 418 3562 quod
442 3481 535 3556 vitia,
559 3479 656 3561 qualia
679 3477 709 3539 iu
733 3477 933 3542 describendo
955 3478 1060 3543 codiee
1082 3480 1183 3543 statim

158 3583 354 3666 corrigimus,
379 3592 412 3644 ut
434 3579 656 3667 typothetarum
682 3589 783 3644 errata
801 3579 881 3643 inter
900 3580 1080 3664 legendum,
1108 3583 1184 3644 taci-

122 3738 125 3744 .
159 3694 207 3747 tus
223 3681 394 3746 emendavi.
428 3680 576 3766 Quamvis
592 3682 672 3745 enim
689 3692 807 3744 cautum
824 3680 963 3745 criticum
978 3702 1047 3746 esse
1064 3684 1183 3761 deceat,

157 3785 400 3872 superstitiosum
439 3784 532 3849 luisse
567 3784 599 3847 iu
637 3783 784 3847 eiusmodi
820 3784 998 3867 praesertim
1035 3785 1186 3868 scriptore

158 3889 249 3973 pudet
271 3897 302 3950 et
322 3887 393 3950 talia
415 3887 552 3952 indicare
576 3907 636 3949 nnn
657 3895 717 3947 tam
740 3885 806 3948 eius
827 3884 1059 3964 esse'videtur,
1083 3885 1185 3969 quide

127 3990 133 4049 ’.
158 3991 272 4056 nostris
286 3990 396 4053 litteris
410 3990 547 4055 modeste
563 3988 674 4053 mereri
687 3988 808 4066 studet,
821 4010 909 4073 quam
925 3989 976 4072 qui
991 3988 1185 4053 coniectandi

192 4239 281 4290 larii
307 4243 473 4301 commeatu
500 4239 588 4306 Lupus
612 4242 691 4292 abbas
722 4246 790 4308 (epp.
816 4240 872 4292 Clll
898 4257 921 4307 p.
941 4239 1022 4302 tut).
1058 4236 1185 4288 Donati

195 4311 374 4359 comanendum
387 4307 412 4356 in
426 4306 586 4359 Terentium.
613 4310 796 4361 Comuncutum
809 4309 909 4371 Persii,
929 4307 995 4374 quod
1008 4306 1067 4357 clim
1082 4308 1107 4356 in
1122 4306 1185 4356 bibl.

197 4375 312 4497 Saoqqpp.
337 4382 411 4439 erat,
439 4391 453 4427 e
472 4376 527 4428 cod.
547 4386 602 4430 aut.
622 4387 745 4431 memorat
769 4379 883 4431 Orellins
909 4395 949 4445 ep.
971 4379 1031 4428 crit.
1051 4376 1082 4427 ad
1102 4374 1187 4428 ttauv.

196 4461 221 4513 p.
244 4480 252 4498 .
310 4483 317 4496 .
