2574 5054
393 773 759 841 PROLBGOMENA.
992 802 1082 848 uxvru

53 948 139 1028 lunt,
162 946 202 1012 ad
231 947 394 1032 quemlibet
417 946 568 1013 homiuem
583 947 812 1033 signifioaudum
845 949 900 1034 (ui.
922 949 1003 1017 Plut.
1028 975 1078 1038 qo.

54 1048 149 1113 Rom.
166 1047 220 1115 36.
239 1047 306 1115 lus.
324 1045 383 1129 lV,
401 1047 453 1113 13.
471 1047 551 1114 Lol).
567 1051 606 1115 orl
621 1047 738 1137 Phryn-
751 1074 781 1137 p.
792 1050 845 1116 58.
863 1051 998 1119 Baikor.
1014 1056 1079 1120 iud.

55 1149 149 1217 Sext.
175 1149 265 1237 Emp.
288 1173 316 1217 s.
338 1173 371 1218 v.
394 1152 514 1238 Δίων).
552 1151 621 1219 lluo
644 1155 800 1239 pertinent
819 1151 920 1220 Persii
942 1154 1081 1228 Staius

54 1250 210 1338 (11,19),
250 1251 296 1318 11.
320 1251 437 1319 llama
457 1250 514 1339 (V,
531 1251 573 1319 76
588 1258 689 1340 squ),
728 1248 895 1321 statius
920 1255 991 1340 (Vl,
1008 1257 1078 1340 66),

54 1377 155 1440 neque
171 1357 233 1421 alio
248 1355 403 1421 referendi
418 1355 560 1421 ridentur
575 1355 676 1442 Ergo
686 1380 759 1423 nna
775 1359 929 1443 haruspex
943 1358 1078 1445 (11,26),

54 1470 145 1544 utque
161 1454 478 1526 etiamVottitlins
500 1479 611 1525 avarus
633 1457 706 1546 (tv,
723 1459 779 1545 25)
796 1460 1080 1534 etVulfounius

53 1563 166 1647 iugens
181 1557 240 1642 (V,
257 1557 354 1642 196),
377 1579 453 1645 quos
476 1561 502 1626 si
525 1563 605 1626 forta
620 1585 695 1629 roro
710 1563 768 1628 sibi
784 1563 923 1649 oognitos
939 1565 1080 1629 carmini-

54 1665 110 1728 bus
123 1664 257 1728 inseruit
270 1673 377 1750 poeta,
398 1662 430 1727 in
446 1663 501 1728 lau
516 1665 695 1746 quaestione
710 1665 784 1729 uilril
799 1666 879 1730 alintl
894 1666 1079 1749 significant,

54 1787 141 1850 quam
156 1765 300 1852 exempla
315 1766 400 1830 avari
416 1777 468 1829 ant
482 1766 611 1831 stolidae
626 1787 693 1829 oum
708 1768 882 1851 arrogantia
899 1768 1080 1833 oouiunotao

53 1869 262 1952 ignorantiae.
293 1865 439 1940 Panaima
459 1870 497 1933 ad
519 1867 576 1932 ltus
599 1871 765 1947 aooadunt,
789 1891 865 1954 qnae
889 1890 930 1934 ex
953 1871 1079 1935 historia

55 1971 211 2034 notissima
228 1971 330 2055 posuit
344 1971 485 2051 nomina,
503 1981 535 2035 ut
550 1967 732 2036 Crassum
749 1969 803 2048 (ll,
821 1971 897 2056 36),
921 1971 1078 2037 Brutum

56 2068 109 2152 (V,
125 2068 184 2156 85)
207 2082 241 2136 et
262 2072 355 2157 longo
375 2072 527 2138 diversum
548 2073 586 2137 alr
610 2073 667 2138 hoo
689 2071 909 2159 Bathyllum
934 2071 990 2159 (V,
1007 2072 1076 2157 85).

57 2173 161 2259 Neque
177 2173 273 2240 ulitur
285 2194 320 2240 so
335 2175 447 2240 halent
461 2175 604 2253 nomina,
629 2195 704 2260 qnae
726 2176 776 2240 vol
796 2197 814 2240 a
831 2174 980 2254 Graecis,
1007 2187 1041 2241 ut
1060 2199 1080 2243 a

58 2272 226 2341 Menandro
253 2273 586 2343 Chaerestratnm
609 2287 640 2340 et
661 2275 810 2342 Davum
833 2275 889 2362 (V,
908 2275 970 2342 162
984 2279 1076 2363 squ),

60 2388 88 2441 at
106 2390 250 2462 quantum
274 2380 396 2446 violatur
416 2377 570 2446 Bauoim
594 2376 667 2464 (IV,
684 2377 741 2465 21)
758 2393 787 2458 ¹,
818 2381 868 2445 rel
892 2381 930 2446 ub
952 2379 1079 2445 Horatio

63 2481 213 2561 lesumsit,
225 2484 476 2566 qnaesivoveros
491 2481 833 2567 hominessignifioasso
849 2496 952 2548 uotum
968 2495 1028 2565 εει,
1046 2495 1079 2549 ut

64 2579 254 2649 Craterus
268 2581 340 2666 (Ill,
357 2579 432 2666 65),
450 2583 614 2650 Licinus
630 2581 686 2668 (11,
704 2582 780 2666 36),
796 2587 862 2652 sivo
877 2588 915 2650 ad
931 2608 1078 2671 quosnam

66 2686 236 2764 arenata,
274 2707 313 2750 un
342 2708 466 2772 prorsus
493 2690 563 2753 liuta
593 2688 675 2767 sint,
707 2687 873 2768 incertum,
902 2701 937 2754 nt
960 2686 995 2754 N
1003 2689 1079 2754 orii

67 2785 114 2866 (11,
130 2786 456 2874 tt),Nauaa(tlt,
473 2787 819 2876 3l)‚Crispini(V‚
837 2789 1078 2873 126),Bostii

69 2885 130 2970 (Vl,
146 2888 222 2975 37),
246 2891 324 2976 apud
339 2888 478 2957 Persium
495 2912 554 2956 nou
571 2891 727 2971 homines,
745 2894 798 2956 sod
815 2894 965 2958 hominnm
980 2914 1077 2977 genus

70 2992 244 3075 signitioaut,
268 3004 300 3058 et
314 2994 395 3058 intur
408 2994 460 3058 illa
475 2993 655 3061 soholastioa
676 2996 815 3080 exempla
836 2997 902 3060 iuro
924 2994 1078 3062 numerari

70 3107 192 3176 mount.
226 3093 290 3159 lam
313 3116 460 3182 perpauca
484 3109 601 3163 restant
622 3097 761 3177 nomina,
784 3119 909 3181 quorum
925 3099 983 3162 alia
999 3098 1076 3162 ratio

70 3195 110 3260 uit.
128 3195 266 3262 Primum
281 3198 420 3281 quidem,
444 3201 523 3284 qnod
538 3197 777 3275 Musonium,
803 3200 850 3263 sui
866 3201 1009 3286 temporis
1026 3223 1077 3267 oe·

70 3295 248 3364 lelorrimum
268 3298 374 3366 lCtnm
396 3302 563 3368 nominarit
584 3298 641 3388 (V,
658 3297 734 3387 96),
763 3303 860 3387 potuit
881 3303 987 3368 eodum
1010 3303 1075 3369 iuro

10 3449 11 3458 1
71 3420 263 3487 quameunque
278 3404 369 3468 alium
384 3426 515 3483 vooaro,
533 3425 630 3489 nequo
646 3405 802 3488 quicquam
817 3403 849 3468 in
865 3426 902 3470 oo
919 3407 1077 3469 nominau-

10 3525 12 3562 t
71 3500 256 3569 oraminis
272 3507 388 3573 satirioi
403 3518 504 3593 potest
519 3507 716 3593 deprehendi.
749 3503 853 3589 Quare
872 3507 942 3572 iuda
959 3526 1077 3592 quoquo

10 3627 12 3664 ³
71 3618 197 3691 tonaret,
214 3628 301 3693 quarn
315 3628 420 3694 parum
434 3608 660 3688 reseraturus,
677 3628 711 3671 oa
729 3610 868 3688 nomina,
892 3630 968 3694 quae
984 3620 1074 3675 antea

10 3729 12 3768 i
72 3711 251 3791 enumerari,
276 3721 374 3776 utrum
397 3710 466 3775 ficta
487 3711 569 3792 siut,
598 3730 714 3789 neone,
754 3733 822 3777 oum
850 3713 957 3777 eodum
987 3711 1074 3775 noto

10 3831 13 3870 2
73 3812 150 3893 mita
164 3813 237 3880 sint.
267 3813 359 3878 Aliud
374 3833 450 3878 vero
466 3824 535 3891 ost,
559 3833 626 3879 uum
647 3810 864 3880 Messallae
885 3814 991 3899 lippam
1007 3833 1077 3897 pro-

10 3930 13 3972 t
73 3915 192 3998 pagiuam
214 3925 433 3980 commemorat
452 3913 580 3982 Porsina
601 3912 657 4000 (ll,
674 3915 751 4000 72),
785 3936 853 3981 uam
876 3917 918 3980 iti
940 3926 1076 4000 oportum

10 4016 14 4076 Ι
74 4027 108 4080 tat
125 4039 184 4082 non
207 4017 373 4102 quemlibet
388 4037 404 4082 e
420 4018 553 4102 patriciis
569 4038 637 4084 oum
653 4017 847 4096 nominasse,
864 4020 919 4084 sed
935 4019 1076 4103 indigua-

10 4155 14 4165 ·
75 4115 139 4185 tone
159 4121 239 4185 iusta
263 4140 330 4185 enm
353 4128 495 4201 notasse,
520 4140 607 4205 quem
627 4120 703 4185 vitlit
716 4122 864 4185 illustrant
880 4121 987 4185 moritu
1003 4141 1077 4185 aro-

78 4270 247 4344 lllnanquan
266 4275 392 4327 undenum
410 4275 550 4343 sumpserit
567 4275 614 4326 boo
633 4290 721 4326 nomen
742 4290 791 4326 uon
809 4281 919 4328 constat.
948 4273 1077 4326 casaubo-

10 4369 16 4383 ·
101 4357 165 4405 aaa,
184 4350 225 4412 qui
244 4346 348 4395 incanto
362 4345 556 4413 pronuntiavit,
575 4343 757 4396 Callimachum
778 4347 802 4394 in
822 4345 903 4406 libro,
922 4344 963 4395 aui
983 4343 1077 4394 titulus

10 4441 15 4449 -
102 4411 319 4542 &mmm
336 4415 489 4466 mentionem
509 4413 618 4480 recissa,
637 4413 769 4479 rodurguit
786 4412 953 4465 llulnlauias
964 4413 995 4464 ad
1007 4411 1075 4464 catt.

830 4551 869 4611 ot
