2574 5054
219 766 321 813 uxrrn
549 741 905 807 enoteeottttrtt.

218 939 283 983 rum
299 914 394 998 gloria
411 912 552 978 familiam
575 914 696 978 luxurie
719 924 751 978 ct
764 912 830 977 dira
844 911 1017 977 adulatione
1030 911 1244 991 intonantem,

219 1027 250 1082 ct
271 1017 402 1103 augebat
423 1016 490 1081 sine
513 1015 600 1079 dubio
622 1015 882 1101 indignationem,
905 1015 984 1097 quod
1014 1013 1085 1079 bnic
1112 1012 1243 1079 Aurelio

220 1118 330 1186 Cottae
345 1138 477 1183 annnam
492 1118 671 1201 pecuniam,
694 1128 728 1182 nt
749 1118 792 1182 ait
813 1116 940 1181 Tacitus
957 1117 1057 1196 (Anu.
1073 1112 1167 1195 xttl,
1182 1114 1244 1197 tt)

129 1249 132 1253 ’
218 1223 324 1288 statuit
338 1222 491 1307 princeps,
508 1219 643 1302 quamvis
659 1240 714 1304 per
727 1221 832 1285 luxum
848 1220 945 1285 avitas
961 1238 1033 1303 opes
1049 1218 1239 1303 dissipasset.

219 1322 330 1407 Neque
353 1323 412 1387 alia
435 1323 472 1385 de
502 1342 593 1386 causa
622 1319 836 1408 Glyconem
865 1320 1042 1404 tragoedum
1071 1320 1243 1384 nominavit

219 1424 292 1509 (VI,
309 1426 366 1506 2),
398 1424 457 1489 nisi
480 1434 512 1487 ut
534 1424 629 1508 ipsum
654 1433 686 1488 et
707 1424 844 1508 populum
864 1433 954 1508 atque
976 1421 1168 1508 principem,
1191 1420 1241 1505 qui

221 1549 289 1594 enm
312 1526 404 1591 nimio
425 1528 532 1591 lavore
554 1525 831 1610 prosequebantur,
860 1534 993 1589 notaret.
1030 1519 1138 1607 ltaque
1161 1523 1241 1588 reri·

222 1630 318 1694 simile
333 1650 408 1694 sane
424 1639 491 1707 est,
514 1648 581 1691 enni
596 1624 735 1692 Parthi
756 1627 924 1692 vulnera
947 1625 1003 1709 (V,
1019 1625 1056 1707 t)
1078 1625 1162 1689 iuter
1176 1645 1241 1689 ear·

221 1734 332 1796 minum
348 1739 527 1814 argumenta
543 1751 608 1793 eam
625 1728 810 1813 potissimum
832 1727 870 1791 ob
888 1729 1038 1792 rationein
1054 1725 1240 1804 nominasse,

221 1833 289 1916 quia
311 1829 496 1896 Corbulonis
517 1831 665 1895 victoriae
687 1830 811 1894 insanas
833 1849 905 1913 erga
919 1827 1079 1894 Neronem
1094 1829 1241 1894 adulatio-

221 1953 276 1997 nes
292 1944 508 2018 provocarunt.
533 1931 634 1997 Docet
649 1932 706 1998 boc
722 1932 849 1996 Tacitus
864 1934 966 2015 (Anu.
982 1926 1074 2010 xttl,
1090 1929 1172 2013 402
1197 1928 1240 1994 Ob

221 2034 300 2099 baec
314 2036 532 2099 consalutatus
547 2036 717 2119 a’raperator
730 2034 820 2100 Nera
840 2043 873 2098 et
884 2034 1157 2098 senatusconsulto
1171 2052 1241 2118 eup-

216 2136 405 2222 plicata'ones
420 2135 564 2210 babilae,
587 2146 772 2224 statuaeque
787 2144 819 2201 et
832 2156 946 2209 arcus,
970 2144 1003 2199 et
1016 2137 1160 2200 contabui
1171 2158 1241 2200 cos·

221 2238 345 2301 calatus
355 2239 515 2323 princepi,
539 2248 634 2325 utque
648 2241 731 2303 inter
741 2239 852 2323 sectas
866 2237 1048 2322 referretur
1069 2237 1157 2314 dies,
1181 2259 1240 2324 pao

217 2348 349 2423 patrata
369 2341 520 2420 uictoria,
546 2361 606 2426 quo
628 2343 795 2415 nuntiata,
819 2361 878 2428 quo
892 2341 1027 2404 relatum
1042 2339 1081 2403 de
1094 2360 1134 2404 ea
1147 2349 1241 2417 esset,

223 2441 348 2525 aliaque
370 2442 402 2504 in
424 2441 551 2505 candart
564 2440 707 2526 sormam
722 2441 942 2506 decumano.
980 2438 1098 2523 Quibus
1113 2464 1177 2507 non
1192 2443 1242 2506 de-

224 2542 319 2606 fuisse
335 2553 460 2625 poetas,
484 2545 533 2627 qui
550 2544 714 2627 magnificis
728 2544 831 2609 verbis
847 2543 1054 2622 celebrarent,
1078 2543 1152 2609 licet
1172 2540 1242 2610 con·

221 2644 335 2708 iicere:
359 2665 434 2727 qnos
450 2645 497 2708 bic
512 2647 695 2731 perstrinxit
708 2647 770 2726 ita,
794 2657 828 2709 nt
848 2646 937 2711 simul
957 2667 1067 2710 vanam
1087 2643 1242 2712 Romano-

222 2764 280 2829 que
296 2746 418 2809 nomine
433 2747 587 2829 indignam
603 2748 806 2812 adulationem
829 2757 961 2814 notaret.
992 2751 1111 2832 Aperte
1133 2749 1243 2814 ridicu·

223 2848 283 2911 luni
299 2847 381 2910 illum
405 2845 493 2912 cati
503 2850 622 2933 gulae
645 2850 682 2914 de
700 2847 862 2914 Germanis
878 2849 1056 2934 triumphum
1072 2850 1155 2916 ridet
1169 2847 1240 2932 (Vl,

221 2947 265 3012 42
279 2950 378 3031 sqap),
405 2949 456 3013 ubi
478 2952 562 3033 quasi
585 2951 666 3014 alind
689 2972 785 3036 agens
807 2951 982 3016 memoriam
1002 2953 1068 3017 eins
1090 2951 1191 3018 iniicit
1210 2963 1241 3017 et

222 3051 342 3115 mimum
358 3051 440 3114 illuni
457 3052 581 3137 egregie
598 3053 734 3136 depingit
748 3073 844 3137 eaque
868 3053 967 3118 ironia
989 3074 1132 3138 operam,
1156 3074 1243 3139 qnam

223 3155 254 3217 in
270 3154 397 3238 singulis
413 3155 552 3239 parandis
568 3154 739 3220 adbibuerit
754 3152 963 3237 Caesonia,
987 3156 1071 3240 qnasi
1087 3157 1244 3243 egregium

222 3256 332 3339 aliquid
361 3257 608 3340 magnificumque
640 3257 767 3334 iecerit,
797 3259 992 3343 perstringit,
1023 3270 1057 3323 ut
1083 3257 1151 3325 inre
1177 3279 1243 3325 eum

222 3358 320 3422 locum
337 3358 417 3422 iuter
432 3358 542 3444 optima
558 3379 718 3437 numeres,
742 3379 818 3443 quae
840 3361 917 3444 apud
932 3357 1072 3425 Persium
1088 3358 1243 3445 leguntur.

222 3457 309 3523 Haeo
329 3480 404 3523 vero
426 3480 477 3525 res
499 3482 673 3544 quamquam
697 3457 806 3525 Persio
826 3463 986 3527 admodum
1008 3484 1103 3547 puero
1119 3463 1244 3545 accidit,

222 3564 319 3643 potuit
334 3572 435 3627 manen
451 3561 538 3626 iacile
554 3563 619 3625 eius
635 3562 735 3626 auimo
752 3564 932 3645 inhaerere,
957 3575 990 3629 ut
1008 3573 1115 3650 sponte
1130 3585 1245 3630 memo·

221 3662 267 3726 ria
282 3674 494 3742 succurreret,
518 3665 696 3749 praesertim
712 3687 750 3731 eo
766 3677 920 3750 tempore,
944 3687 1002 3750 quo
1021 3666 1047 3731 si
1064 3686 1125 3729 non
1139 3667 1245 3731 trium·

221 3764 271 3850 pbi
287 3776 346 3830 tam
369 3767 487 3832 ridiculi
510 3768 698 3852 agebantur,
720 3768 826 3832 similis
847 3768 966 3833 vanitas
981 3779 1012 3834 et
1026 3767 1150 3833 iactatio
1167 3769 1246 3835 band

220 3885 290 3930 rara
307 3877 384 3930 erat.
410 3867 494 3933 llaec
509 3870 600 3952 igitur
614 3870 657 3932 ita
672 3881 842 3955 comparata
858 3881 945 3948 sunt,
962 3881 995 3934 ut
1010 3891 1084 3936 vere
1099 3870 1247 3957 temporis

222 3966 267 4030 sui
284 3968 357 4032 vitia
371 3970 494 4053 spiritus
510 3972 630 4037 dedisse
647 3983 757 4057 poetae
774 3972 956 4055 satiramque
972 3969 1104 4037 dictasse
1118 3973 1247 4039 ridean-

223 4078 282 4128 tur.
321 4070 466 4134 Attamen
489 4072 565 4138 baec
586 4095 679 4139 verae
701 4074 815 4139 sabran
838 4073 966 4158 vestigia
989 4085 1048 4138 uin
1066 4093 1137 4138 rara
1159 4085 1245 4154 sunt,

221 4178 255 4231 ut
278 4189 315 4232 eo
340 4169 451 4236 clarius
474 4187 638 4256 appareat,
669 4176 780 4241 satiras
807 4176 918 4255 hasce,
950 4185 984 4238 ut
1011 4175 1070 4239 iam
1098 4175 1244 4257 diximus,

221 4289 307 4353 quana
337 4270 469 4335 maxime
499 4275 717 4361 disputationes
747 4298 816 4344 esse
845 4300 862 4344 e
893 4278 1008 4344 stoicae
1037 4277 1246 4364 philosophiae

221 4369 332 4437 sobolis
348 4384 523 4458 prognatae.
