2574 5054
125 752 205 797 esav
453 727 817 793 edotntottenn.

126 922 192 971 non
214 919 283 965 esse
303 899 497 965 verisimilem
518 909 689 983 putantes,
702 895 873 965 Cornutum
887 896 1024 983 discipuli
1040 901 1089 965 sni
1102 921 1137 966 aa

127 1005 203 1068 tiras
233 1002 426 1088 explicasse,
456 1022 567 1066 nomen
594 1003 754 1067 confictum
781 1011 944 1066 censerent
972 1012 1005 1066 et
1025 1023 1136 1086 prorsn

126 1106 295 1170 abiicerent
314 1114 337 1167 ¹.
369 1103 429 1188 Qui
451 1124 626 1187 quamquam
648 1114 733 1169 recto
747 1103 858 1168 iudicio
874 1103 912 1168 de
926 1103 1046 1167 illornm
1061 1104 1137 1168 scbo

126 1208 234 1271 liceum
250 1205 352 1271 indole
368 1207 415 1270 nsi
429 1216 518 1283 sunt,
543 1226 604 1269 non
619 1206 811 1290 explicarunt
830 1216 950 1282 tamen,
974 1206 1057 1270 unde
1076 1205 1137 1270 illm

125 1307 260 1375 Cornuti
275 1330 388 1374 nomen
402 1319 501 1372 ortum
522 1308 573 1371 sit.
611 1307 674 1371 Alii
694 1307 787 1392 igitur
807 1308 896 1372 aliam
916 1308 996 1372 mam
1015 1308 1137 1391 ingress

126 1423 217 1488 sunt,
241 1421 273 1474 et
293 1431 359 1475 cum
382 1419 564 1486 censerent,
587 1410 657 1475 veri
675 1410 786 1493 aliquid
807 1409 934 1475 subesse
956 1410 1027 1476 hnic
1047 1411 1136 1476 titulo

128 1525 160 1578 et
178 1513 404 1597 intelligerent,
434 1512 537 1576 inesse
560 1511 705 1596 quaedam
733 1511 876 1590 scbcliis,
906 1531 983 1595 quae
1006 1513 1137 1578 nonnis

127 1615 301 1698 abantiquo
317 1615 513 1700 grammatico
529 1614 681 1699 proticisci
694 1613 859 1699 potuerint,
876 1634 914 1678 en
929 1626 1137 1699 pervenerunt

126 1726 160 1780 nt
175 1719 356 1795 crederent,
379 1713 548 1781 Cornutum
563 1715 721 1801 scripsisse
736 1713 871 1792 scbolia,
895 1733 932 1778 ea
953 1737 1031 1782 rere
1048 1718 1137 1801 impe

125 1818 319 1882 librariorum
342 1837 435 1903 opera
453 1818 575 1883 labente
596 1829 732 1904 tempore
753 1828 815 1881 tam
835 1816 923 1882 foede
953 1831 1097 1903 corrupta
1118 1841 1135 1884 e

125 1920 308 2005 interpolate
322 1941 410 1998 esse,
432 1931 466 1984 ιιι
480 1920 571 1985 hodie
586 1931 749 2006 supersunt
766 1927 789 1982 ².
821 1917 937 1984 Verum
952 1920 1072 2004 quidem
1087 1933 1135 1987 est

127 2041 168 2085 ex
189 2022 323 2107 ingenti,
358 2043 434 2107 quae
468 2024 733 2110 grammaticorum
762 2043 879 2107 quoquc
915 2024 1137 2089 commentario

126 2125 245 2203 allecit,
275 2126 365 2189 rnioa
387 2147 463 2209 quae
486 2136 609 2190 servata
631 2134 720 2202 sunt,
751 2125 794 2189 ita
816 2125 854 2189 nd
877 2147 933 2191 nos
955 2129 1132 2212 pervenisse

126 2237 159 2290 nt
172 2225 258 2290 initio
280 2247 321 2291 ex
343 2229 532 2312 antiquorum
556 2226 780 2292 commentariis
803 2240 1044 2313 excerperentur
1057 2251 1137 2314 qnae«

126 2329 192 2393 dam
215 2339 247 2393 et
266 2331 331 2395 lere
352 2330 531 2414 scriptorum
552 2329 738 2415 marginibus
765 2329 1031 2412 adscriberentur,
1056 2343 1089 2395 nt
1109 2351 1137 2396 aa

122 2480 138 2552 '1
158 2498 276 2566 Exempli
293 2515 371 2552 eausa
390 2500 490 2552 nomino
507 2498 665 2564 Fannium,
684 2500 715 2552 de
733 2500 829 2552 immin.
848 2499 880 2552 l..
894 2499 924 2552 t.
938 2508 1037 2553 senect.
1051 2501 1085 2559 V.
1097 2502 1133 2556 2⁰

122 2583 125 2587 ·
158 2568 304 2619 Fabricium
318 2569 383 2620 ltibl.
396 2569 456 2620 Lat.
472 2576 492 2621 t.
507 2569 528 2620 ll
544 2586 567 2636 p.
588 2570 645 2622 165.
664 2568 785 2634 Pinzger,
800 2571 826 2620 in
839 2569 967 2622 Zeitaebr.
978 2571 996 2622 l.
1007 2570 1136 2623 Altsrtbw

159 2653 184 2688 a.
203 2638 268 2689 taes
281 2654 307 2687 o.
323 2640 356 2691 30
372 2655 397 2706 p.
413 2639 474 2693 247.
494 2637 601 2700 Weber,
621 2638 696 2704 Corp.
711 2645 789 2706 pcett.
803 2637 874 2690 Latt.
890 2655 915 2706 p.
929 2639 1033 2692 xtvtt.

124 2706 140 2759 2
160 2705 197 2755 lta
215 2711 334 2756 statuunt
351 2707 431 2757 Andr.
452 2704 579 2769 divinus,
604 2707 636 2758 de
653 2723 701 2773 qno
720 2714 808 2774 postea
827 2707 954 2765 relernm.
978 2725 1005 2828 p.
1025 2708 1075 2760 487
1088 2725 1137 2776 σῃ,

158 2771 379 2837 biartinins,diss.
388 2774 418 2826 de
427 2775 547 2826 Cornuto.
568 2774 721 2839 Creusam,
735 2775 905 2827 Wienerlbb.
915 2774 975 2828 txt
1011 2793 1036 2844 p.
1047 2779 1137 2844 ldisap

123 2883 128 2890 .
159 2841 208 2906 Qui
228 2843 294 2908 qood
312 2844 425 2895 nll'ernot
440 2852 633 2909 argumentum,
651 2845 795 2896 Cornutum
808 2845 865 2895 ideo
884 2845 1042 2897 scholiorum
1060 2854 1137 2898 aneto

159 2926 211 2961 rem
232 2910 372 2963 babendum
392 2928 465 2975 esse,
492 2913 551 2978 mnia
577 2927 702 2979 nusquam
721 2917 752 2963 de
770 2914 825 2979 ipso
843 2913 869 2964 in
888 2914 923 2964 iis
941 2929 1024 2965 sermo
1043 2916 1095 2978 sit,
1118 2914 1137 2966 id

157 2978 289 3042 ingeniose
307 2981 408 3046 quidem
426 2983 597 3045 excogitatum
615 2988 672 3044 est,
696 2982 742 3032 scd
759 2997 854 3033 vercor
871 2989 901 3032 ut
917 2983 1026 3034 multam
1044 2984 1137 3050 probet.

156 3047 219 3098 llam
232 3050 404 3112 sententiam,
424 3049 564 3101 Cornutum
583 3051 650 3101 bnon
667 3065 725 3102 esse
742 3051 873 3117 antiquans
891 3053 1088 3115 gramaticam
1101 3056 1137 3120 qn

156 3115 293 3181 Virgilium
312 3119 495 3185 explicaverit,
518 3119 562 3169 sed
587 3120 768 3186 interpolatum
791 3121 822 3170 ad
841 3120 986 3186 sequiorem
1003 3127 1137 3189 tempores

157 3193 257 3252 captum
267 3193 345 3253 atque
357 3201 441 3249 usum,
452 3188 685 3239 cnnnclavltetism
694 3186 723 3239 C.
732 3188 853 3238 Bartbins
861 3188 1037 3240 adillanitae.
1048 3205 1074 3257 p.
1085 3191 1137 3242 ¹29.

156 3254 190 3305 cl.
210 3257 293 3306 Advv.
308 3256 363 3320 Vll,
377 3258 409 3308 e:
429 3258 659 3308 Coronia'ucmine
671 3260 882 3322 grammaticum
896 3261 981 3308 s'stum
994 3273 1137 3324 agnoscam

156 3325 324 3375 sircinbronca
341 3329 406 3375 coit.
426 3325 471 3376 El.
487 3324 579 3376 Vincti
589 3329 618 3375 st
628 3326 760 3386 aliorum,
781 3341 831 3376 cair
841 3341 903 3376 oerc
918 3325 994 3377 docti
1003 3331 1137 3394 tantopere

156 3391 186 3440 id
202 3407 295 3442 nomen
313 3398 473 3443 necessarius·
492 3408 556 3443 suna
578 3397 678 3445 nescio.
708 3392 813 3445 Auctor
834 3396 932 3446 marito
956 3409 1006 3446 suo
1031 3398 1137 3447 minori

155 3461 391 3521 essartandum,
418 3478 498 3527 pacm
523 3465 608 3528 pnicis
634 3468 712 3524 osius
729 3467 865 3528 creagates.
897 3461 993 3515 Verum
1011 3463 1137 3515 diversa!

156 3544 212 3578 enin
232 3531 332 3595 potavit
350 3545 365 3580 a
383 3530 547 3597 philosopho,
573 3538 602 3582 ut
620 3531 689 3582 alter
706 3532 776 3582 loeus
800 3531 875 3582 dccet
899 3532 992 3599 (Advv.
1012 3530 1137 3598 x1‚2⁷)=

155 3597 231 3662 stcd
252 3602 343 3648 aretem
367 3599 516 3649 Comatam
537 3600 707 3651 membrum
730 3615 791 3650 snm
813 3603 883 3651 sniis
906 3600 1013 3651 uberem
1035 3606 1064 3652 et
1075 3616 1137 3668 pm·

155 3668 243 3716 liccem
267 3667 354 3718 Persii
376 3670 549 3734 siricrpreiem
566 3668 686 3731 'dicuni,
708 3671 737 3719 iu
761 3684 792 3718 co
813 3683 879 3719 sons
899 3684 952 3721 noia
974 3668 1069 3734 uideo,
1093 3685 1137 3721 css

154 3737 229 3785 nobis
247 3735 422 3786 deebilandmn
440 3740 495 3799 sii,
524 3753 585 3788 cum
605 3737 743 3788 Cornutus
759 3736 882 3789 Maronis
899 3743 1025 3804 enegstes
1043 3742 1137 3790 citetur

155 3802 261 3853 Cirris.
272 3804 298 3864 l,
318 3805 366 3855 nbi
381 3809 408 3855 ei
425 3805 586 3855 donaciani
602 3805 726 3857 additum
744 3820 850 3857 noman.
862 3804 952 3857 Media
969 3821 1035 3857 suns
1052 3811 1137 3858 notata

156 3872 275 3923 Cereale
294 3874 357 3924 disis
375 3877 506 3941 scriptori
521 3890 615 3925 noman
625 3877 720 3942 juisse
736 3874 803 3926 alibi
818 3874 944 3926 decernas
961 3873 1137 3942 (nescienti),

154 3946 277 3991 erratum
302 3947 392 3992 nutem
419 3946 447 3994 iu
470 3942 577 3993 Annaei
601 3947 708 3994 nomina
734 3943 797 3993 duic
815 3942 902 3994 dando
919 3959 971 3996 non
988 3943 1137 4010 defendens,

153 4022 217 4057 num
238 4009 410 4060 Annncormn
428 4011 543 4077 familia
567 4010 685 4063 nobilior
707 4015 736 4062 st
758 4014 782 4060 is
806 4011 942 4063 comosus
964 4012 1137 4080 philosophata

154 4090 234 4140 poam
250 4092 302 4141 pro
317 4080 474 4143 exponendo
491 4081 584 4147 clipeo
600 4085 737 4148 serapione
751 4085 875 4145 grauior.
905 4080 971 4146 Quid
989 4082 1040 4133 sibl
1058 4081 1137 4134 velint

152 4142 173 4194 l.
187 4143 319 4195 Parrhasii
339 4148 417 4197 verba
436 4148 479 4213 (de
498 4150 576 4200 rebus
593 4166 639 4216 per
656 4151 733 4216 epist.
752 4150 888 4215 quaesitis,
908 4166 947 4216 ep.
959 4148 983 4202 V
994 4157 1014 4201 t.
1028 4149 1039 4202 l
1052 4167 1076 4219 p.
1091 4151 1137 4205 735

153 4209 179 4261 in
199 4210 276 4262 Grnt.
296 4213 438 4279 lampade)=
466 4216 543 4268 Citoi
569 4219 713 4284 (doronem)
737 4222 765 4268 ei
791 4216 928 4270 Cornutus
952 4221 981 4270 in
1004 4219 1137 4284 Persian,

152 4294 212 4330 ansa
233 4281 306 4346 qaod
323 4282 446 4332 Persium
469 4284 605 4337 Cornutus
627 4287 832 4355 explanavere,
856 4290 1063 4353 antiquissimas
1084 4291 1137 4340 ssbss

150 4354 247 4413 pecias
272 4356 485 4416 consmenlntor,
510 4354 630 4408 ostendit
653 4360 680 4408 iu
703 4354 789 4407 iliad:
815 4356 941 4423 Quisquis
958 4372 1002 4418 ss,
1028 4356 1137 4411 osncdc

152 4416 184 4481 (l.
206 4419 250 4481 ll)
284 4434 331 4467 non
351 4419 475 4483 intelligo.
728 4442 731 4446 ’
