<?xml version="1.0" encoding="UTF-8"?>
<!DOCTYPE html PUBLIC "-//W3C//DTD XHTML 1.0 Transitional//EN"
    "http://www.w3.org/TR/xhtml1/DTD/xhtml1-transitional.dtd">
<html xmlns="http://www.w3.org/1999/xhtml" xml:lang="en" lang="en">
 <head>
  <title>
</title>
<meta http-equiv="Content-Type" content="text/html;charset=utf-8" />
  <meta name='ocr-system' content='tesseract 3.04.00' />
  <meta name='ocr-capabilities' content='ocr_page ocr_carea ocr_par ocr_line ocrx_word'/>
</head>
<body>
  <div class='ocr_page' id='page_1' title='image "./satirarumliberc00jahngoog_0050.png"; bbox 0 0 2574 5054; ppageno 0'>
   <div class='ocr_carea' id='block_1_1' title="bbox 462 755 1153 833">
    <p class='ocr_par' dir='ltr' id='par_1_1' title="bbox 462 755 1153 833">
     <span class='ocr_line' id='line_1_1' title="bbox 462 755 1153 833; baseline 0.007 -7"><span class='ocrx_word' id='word_1_1' title='bbox 462 755 829 828; x_wconf 76' lang='lat' dir='ltr'><strong>PROLEGOMENA.</strong></span> <span class='ocrx_word' id='word_1_2' title='bbox 1045 789 1153 833; x_wconf 73' lang='lat' dir='ltr'><strong>xxxin</strong></span> 
     </span>
    </p>
   </div>
   <div class='ocr_carea' id='block_1_2' title="bbox 152 935 1152 1228">
    <p class='ocr_par' dir='ltr' id='par_1_2' title="bbox 152 935 1152 1228">
     <span class='ocr_line' id='line_1_2' title="bbox 156 935 1150 1020; baseline 0.005 -20"><span class='ocrx_word' id='word_1_3' title='bbox 156 935 283 1002; x_wconf 86' lang='lat' dir='ltr'><strong>dlecehris</strong></span> <span class='ocrx_word' id='word_1_4' title='bbox 302 946 455 1013; x_wconf 89' lang='lat' dir='ltr'><strong>remotus,</strong></span> <span class='ocrx_word' id='word_1_5' title='bbox 485 936 652 1020; x_wconf 90' lang='lat' dir='ltr'><strong>studiisque</strong></span> <span class='ocrx_word' id='word_1_6' title='bbox 673 936 844 1002; x_wconf 78' lang='lat' dir='ltr'><strong>litterarum</strong></span> <span class='ocrx_word' id='word_1_7' title='bbox 875 946 990 1001; x_wconf 79' lang='lat' dir='ltr'><strong>tentum</strong></span> <span class='ocrx_word' id='word_1_8' title='bbox 1019 938 1150 1019; x_wconf 79' lang='lat' dir='ltr'><strong>deditus,</strong></span> 
     </span>
     <span class='ocr_line' id='line_1_3' title="bbox 153 1036 1151 1123; baseline 0.004 -22"><span class='ocrx_word' id='word_1_9' title='bbox 153 1039 249 1122; x_wconf 73' lang='lat' dir='ltr'><strong>plon&#39;se</strong></span> <span class='ocrx_word' id='word_1_10' title='bbox 262 1037 399 1123; x_wconf 83' lang='lat' dir='ltr'><strong>cupidine</strong></span> <span class='ocrx_word' id='word_1_11' title='bbox 414 1057 555 1122; x_wconf 81' lang='lat' dir='ltr'><strong>vanaque</strong></span> <span class='ocrx_word' id='word_1_12' title='bbox 569 1038 735 1116; x_wconf 84' lang='lat' dir='ltr'><strong>iactantia,</strong></span> <span class='ocrx_word' id='word_1_13' title='bbox 759 1039 877 1123; x_wconf 82' lang='lat' dir='ltr'><strong>qualem</strong></span> <span class='ocrx_word' id='word_1_14' title='bbox 898 1039 930 1103; x_wconf 89' lang='lat' dir='ltr'><strong>in</strong></span> <span class='ocrx_word' id='word_1_15' title='bbox 952 1036 1079 1105; x_wconf 89' lang='lat' dir='ltr'><strong>Lucano</strong></span> <span class='ocrx_word' id='word_1_16' title='bbox 1096 1063 1151 1105; x_wconf 87' lang='lat' dir='ltr'><strong>no-</strong></span> 
     </span>
     <span class='ocr_line' id='line_1_4' title="bbox 152 1138 1152 1228; baseline 0.003 -22"><span class='ocrx_word' id='word_1_17' title='bbox 152 1142 248 1220; x_wconf 81' lang='lat' dir='ltr'><strong>rimus,</strong></span> <span class='ocrx_word' id='word_1_18' title='bbox 268 1141 347 1207; x_wconf 89' lang='lat' dir='ltr'><strong>liher</strong></span> <span class='ocrx_word' id='word_1_19' title='bbox 360 1141 428 1205; x_wconf 84' lang='lat' dir='ltr'><strong>luit.</strong></span> <span class='ocrx_word' id='word_1_20' title='bbox 458 1138 569 1225; x_wconf 86' lang='lat' dir='ltr'><strong>Neque</strong></span> <span class='ocrx_word' id='word_1_21' title='bbox 584 1141 703 1228; x_wconf 86' lang='lat' dir='ltr'><strong>poetica</strong></span> <span class='ocrx_word' id='word_1_22' title='bbox 719 1138 837 1206; x_wconf 81' lang='lat' dir='ltr'><strong>Lucani</strong></span> <span class='ocrx_word' id='word_1_23' title='bbox 858 1141 959 1206; x_wconf 89' lang='lat' dir='ltr'><strong>studia</strong></span> <span class='ocrx_word' id='word_1_24' title='bbox 979 1138 1079 1207; x_wconf 81' lang='lat' dir='ltr'><strong>Persii</strong></span> <span class='ocrx_word' id='word_1_25' title='bbox 1102 1165 1152 1209; x_wconf 90' lang='lat' dir='ltr'><strong>as·</strong></span> 
     </span>
    </p>
   </div>
   <div class='ocr_carea' id='block_1_3' title="bbox 76 1241 1153 2759">
    <p class='ocr_par' dir='ltr' id='par_1_3' title="bbox 76 1241 1153 2759">
     <span class='ocr_line' id='line_1_5' title="bbox 148 1241 1150 1328; baseline 0.004 -20"><span class='ocrx_word' id='word_1_26' title='bbox 148 1265 254 1310; x_wconf 76' lang='lat' dir='ltr'><strong>nusum</strong></span> <span class='ocrx_word' id='word_1_27' title='bbox 275 1245 359 1309; x_wconf 78' lang='lat' dir='ltr'><strong>serre</strong></span> <span class='ocrx_word' id='word_1_28' title='bbox 380 1253 556 1328; x_wconf 87' lang='lat' dir='ltr'><strong>potuerunt.</strong></span> <span class='ocrx_word' id='word_1_29' title='bbox 599 1241 786 1327; x_wconf 77' lang='lat' dir='ltr'><strong>Quamquam</strong></span> <span class='ocrx_word' id='word_1_30' title='bbox 802 1241 928 1308; x_wconf 89' lang='lat' dir='ltr'><strong>enimin</strong></span> <span class='ocrx_word' id='word_1_31' title='bbox 945 1262 982 1307; x_wconf 92' lang='lat' dir='ltr'><strong>eo</strong></span> <span class='ocrx_word' id='word_1_32' title='bbox 1004 1245 1150 1323; x_wconf 84' lang='lat' dir='ltr'>carmine,</span> 
     </span>
     <span class='ocr_line' id='line_1_6' title="bbox 146 1343 1151 1430; baseline 0 -18"><span class='ocrx_word' id='word_1_33' title='bbox 146 1348 212 1430; x_wconf 82' lang='lat' dir='ltr'><strong>qood</strong></span> <span class='ocrx_word' id='word_1_34' title='bbox 231 1343 328 1412; x_wconf 84' lang='lat' dir='ltr'><strong>onium</strong></span> <span class='ocrx_word' id='word_1_35' title='bbox 350 1344 441 1409; x_wconf 91' lang='lat' dir='ltr'><strong>hodie</strong></span> <span class='ocrx_word' id='word_1_36' title='bbox 461 1355 618 1429; x_wconf 89' lang='lat' dir='ltr'><strong>superstes</strong></span> <span class='ocrx_word' id='word_1_37' title='bbox 641 1354 708 1426; x_wconf 86' lang='lat' dir='ltr'><strong>est,</strong></span> <span class='ocrx_word' id='word_1_38' title='bbox 732 1366 793 1409; x_wconf 89' lang='lat' dir='ltr'><strong>uon</strong></span> <span class='ocrx_word' id='word_1_39' title='bbox 817 1345 1070 1428; x_wconf 80' lang='lat' dir='ltr'><strong>desuntvestigia</strong></span> <span class='ocrx_word' id='word_1_40' title='bbox 1086 1348 1151 1413; x_wconf 90' lang='lat' dir='ltr'><strong>eius</strong></span> 
     </span>
     <span class='ocr_line' id='line_1_7' title="bbox 144 1444 1152 1535; baseline -0.001 -21"><span class='ocrx_word' id='word_1_41' title='bbox 144 1449 324 1535; x_wconf 57' lang='lat' dir='ltr'><strong>diciplinae,</strong></span> <span class='ocrx_word' id='word_1_42' title='bbox 347 1466 425 1531; x_wconf 86' lang='lat' dir='ltr'><strong>qaae</strong></span> <span class='ocrx_word' id='word_1_43' title='bbox 439 1445 470 1512; x_wconf 89' lang='lat' dir='ltr'><strong>ei</strong></span> <span class='ocrx_word' id='word_1_44' title='bbox 485 1467 551 1511; x_wconf 91' lang='lat' dir='ltr'><strong>cnm</strong></span> <span class='ocrx_word' id='word_1_45' title='bbox 566 1444 678 1512; x_wconf 85' lang='lat' dir='ltr'><strong>Persio</strong></span> <span class='ocrx_word' id='word_1_46' title='bbox 693 1448 860 1513; x_wconf 88' lang='lat' dir='ltr'><strong>communis</strong></span> <span class='ocrx_word' id='word_1_47' title='bbox 875 1446 950 1525; x_wconf 87' lang='lat' dir='ltr'><strong>fuit,</strong></span> <span class='ocrx_word' id='word_1_48' title='bbox 966 1457 999 1511; x_wconf 89' lang='lat' dir='ltr'><strong>et</strong></span> <span class='ocrx_word' id='word_1_49' title='bbox 1013 1468 1152 1532; x_wconf 85' lang='lat' dir='ltr'><strong>praescr·</strong></span> 
     </span>
     <span class='ocr_line' id='line_1_8' title="bbox 76 1536 1152 1635; baseline 0 -20"><span class='ocrx_word' id='word_1_50' title='bbox 76 1564 78 1573; x_wconf 89' lang='grc'><strong><em>·</em></strong></span> <span class='ocrx_word' id='word_1_51' title='bbox 141 1551 183 1615; x_wconf 82' lang='lat' dir='ltr'><strong>tin</strong></span> <span class='ocrx_word' id='word_1_52' title='bbox 202 1551 344 1629; x_wconf 73' lang='lat' dir='ltr'><strong>rationo,</strong></span> <span class='ocrx_word' id='word_1_53' title='bbox 367 1571 426 1635; x_wconf 86' lang='lat' dir='ltr'><strong>qua</strong></span> <span class='ocrx_word' id='word_1_54' title='bbox 446 1547 702 1634; x_wconf 86' lang='lat' dir='ltr'><strong>Pompeianorum</strong></span> <span class='ocrx_word' id='word_1_55' title='bbox 722 1560 825 1635; x_wconf 85' lang='lat' dir='ltr'><strong>partes</strong></span> <span class='ocrx_word' id='word_1_56' title='bbox 847 1548 985 1627; x_wconf 79' lang='lat' dir='ltr'><strong>extollit,</strong></span> <span class='ocrx_word' id='word_1_57' title='bbox 1008 1536 1152 1635; x_wconf 87' lang='lat' dir='ltr'><strong>reipuhli·</strong></span> 
     </span>
     <span class='ocr_line' id='line_1_9' title="bbox 140 1650 1150 1737; baseline -0.002 -19"><span class='ocrx_word' id='word_1_58' title='bbox 140 1673 184 1718; x_wconf 83' lang='lat' dir='ltr'><strong>ase</strong></span> <span class='ocrx_word' id='word_1_59' title='bbox 204 1664 238 1719; x_wconf 89' lang='lat' dir='ltr'><strong>et</strong></span> <span class='ocrx_word' id='word_1_60' title='bbox 259 1651 414 1717; x_wconf 69' lang='lat' dir='ltr'><strong>libertatis</strong></span> <span class='ocrx_word' id='word_1_61' title='bbox 433 1672 519 1717; x_wconf 89' lang='lat' dir='ltr'><strong>amor</strong></span> <span class='ocrx_word' id='word_1_62' title='bbox 539 1652 697 1737; x_wconf 78' lang='lat' dir='ltr'><strong>proditur,</strong></span> <span class='ocrx_word' id='word_1_63' title='bbox 721 1652 838 1735; x_wconf 87' lang='lat' dir='ltr'><strong>qualem</strong></span> <span class='ocrx_word' id='word_1_64' title='bbox 861 1650 898 1715; x_wconf 90' lang='lat' dir='ltr'><strong>ah</strong></span> <span class='ocrx_word' id='word_1_65' title='bbox 921 1669 959 1712; x_wconf 90' lang='lat' dir='ltr'><strong>eo</strong></span> <span class='ocrx_word' id='word_1_66' title='bbox 975 1660 1150 1734; x_wconf 81' lang='lat' dir='ltr'><strong>exspectes,</strong></span> 
     </span>
     <span class='ocr_line' id='line_1_10' title="bbox 138 1751 1152 1841; baseline -0.003 -21"><span class='ocrx_word' id='word_1_67' title='bbox 138 1755 298 1841; x_wconf 86' lang='lat' dir='ltr'><strong>quistoiea</strong></span> <span class='ocrx_word' id='word_1_68' title='bbox 320 1752 508 1840; x_wconf 76' lang='lat' dir='ltr'><strong>philosophia</strong></span> <span class='ocrx_word' id='word_1_69' title='bbox 528 1754 661 1819; x_wconf 87' lang='lat' dir='ltr'><strong>imbutus</strong></span> <span class='ocrx_word' id='word_1_70' title='bbox 682 1764 748 1833; x_wconf 92' lang='lat' dir='ltr'><strong>est,</strong></span> <span class='ocrx_word' id='word_1_71' title='bbox 771 1753 892 1817; x_wconf 85' lang='lat' dir='ltr'><strong>videtur</strong></span> <span class='ocrx_word' id='word_1_72' title='bbox 910 1752 937 1815; x_wconf 93' lang='lat' dir='ltr'><strong>is</strong></span> <span class='ocrx_word' id='word_1_73' title='bbox 959 1751 1030 1815; x_wconf 85' lang='lat' dir='ltr'><strong>mihi</strong></span> <span class='ocrx_word' id='word_1_74' title='bbox 1051 1763 1152 1817; x_wconf 90' lang='lat' dir='ltr'><strong>tamea</strong></span> 
     </span>
     <span class='ocr_line' id='line_1_11' title="bbox 134 1855 1153 1941; baseline -0.005 -18"><span class='ocrx_word' id='word_1_75' title='bbox 134 1856 331 1923; x_wconf 79' lang='lat' dir='ltr'><strong>scholasticus</strong></span> <span class='ocrx_word' id='word_1_76' title='bbox 347 1855 467 1941; x_wconf 85' lang='lat' dir='ltr'><strong>potius,</strong></span> <span class='ocrx_word' id='word_1_77' title='bbox 498 1876 586 1939; x_wconf 88' lang='lat' dir='ltr'><strong>quem</strong></span> <span class='ocrx_word' id='word_1_78' title='bbox 607 1876 701 1922; x_wconf 80' lang='lat' dir='ltr'><strong>verus</strong></span> <span class='ocrx_word' id='word_1_79' title='bbox 722 1864 812 1940; x_wconf 89' lang='lat' dir='ltr'><strong>atque</strong></span> <span class='ocrx_word' id='word_1_80' title='bbox 834 1855 986 1940; x_wconf 86' lang='lat' dir='ltr'><strong>ingenuus</strong></span> <span class='ocrx_word' id='word_1_81' title='bbox 1009 1874 1098 1934; x_wconf 91' lang='lat' dir='ltr'><strong>esse,</strong></span> <span class='ocrx_word' id='word_1_82' title='bbox 1120 1867 1153 1921; x_wconf 92' lang='lat' dir='ltr'><strong>et</strong></span> 
     </span>
     <span class='ocr_line' id='line_1_12' title="bbox 132 1957 1153 2043; baseline -0.001 -20"><span class='ocrx_word' id='word_1_83' title='bbox 132 1957 275 2024; x_wconf 73' lang='lat' dir='ltr'><strong>lucanus</strong></span> <span class='ocrx_word' id='word_1_84' title='bbox 297 1958 387 2022; x_wconf 80' lang='lat' dir='ltr'><strong>simili</strong></span> <span class='ocrx_word' id='word_1_85' title='bbox 409 1959 529 2023; x_wconf 84' lang='lat' dir='ltr'><strong>ratione</strong></span> <span class='ocrx_word' id='word_1_86' title='bbox 553 1957 763 2043; x_wconf 80' lang='lat' dir='ltr'><strong>philosophiae</strong></span> <span class='ocrx_word' id='word_1_87' title='bbox 794 1958 914 2024; x_wconf 89' lang='lat' dir='ltr'><strong>deditus</strong></span> <span class='ocrx_word' id='word_1_88' title='bbox 941 1957 1036 2023; x_wconf 87' lang='lat' dir='ltr'><strong>luisse</strong></span> <span class='ocrx_word' id='word_1_89' title='bbox 1062 1967 1153 2042; x_wconf 88' lang='lat' dir='ltr'><strong>atque</strong></span> 
     </span>
     <span class='ocr_line' id='line_1_13' title="bbox 133 2056 1153 2144; baseline -0.003 -18"><span class='ocrx_word' id='word_1_90' title='bbox 133 2059 265 2127; x_wconf 79' lang='lat' dir='ltr'><strong>Seneca.</strong></span> <span class='ocrx_word' id='word_1_91' title='bbox 297 2056 467 2143; x_wconf 85' lang='lat' dir='ltr'><strong>Utramque</strong></span> <span class='ocrx_word' id='word_1_92' title='bbox 491 2060 570 2124; x_wconf 88' lang='lat' dir='ltr'><strong>enim</strong></span> <span class='ocrx_word' id='word_1_93' title='bbox 592 2060 715 2125; x_wconf 84' lang='lat' dir='ltr'><strong>virtutis</strong></span> <span class='ocrx_word' id='word_1_94' title='bbox 736 2061 934 2144; x_wconf 78' lang='lat' dir='ltr'><strong>veritatisque</strong></span> <span class='ocrx_word' id='word_1_95' title='bbox 957 2059 1057 2122; x_wconf 90' lang='lat' dir='ltr'><strong>studio</strong></span> <span class='ocrx_word' id='word_1_96' title='bbox 1080 2059 1153 2124; x_wconf 84' lang='lat' dir='ltr'><strong>affe·</strong></span> 
     </span>
     <span class='ocr_line' id='line_1_14' title="bbox 131 2161 1152 2247; baseline -0.005 -17"><span class='ocrx_word' id='word_1_97' title='bbox 131 2176 207 2230; x_wconf 86' lang='lat' dir='ltr'><strong>etam</strong></span> <span class='ocrx_word' id='word_1_98' title='bbox 239 2161 337 2227; x_wconf 81' lang='lat' dir='ltr'><strong>luisse</strong></span> <span class='ocrx_word' id='word_1_99' title='bbox 359 2181 536 2245; x_wconf 86' lang='lat' dir='ltr'><strong>quamquam</strong></span> <span class='ocrx_word' id='word_1_100' title='bbox 559 2182 620 2225; x_wconf 88' lang='lat' dir='ltr'><strong>nou</strong></span> <span class='ocrx_word' id='word_1_101' title='bbox 647 2182 745 2245; x_wconf 84' lang='lat' dir='ltr'><strong>ocgo,</strong></span> <span class='ocrx_word' id='word_1_102' title='bbox 775 2174 877 2227; x_wconf 87' lang='lat' dir='ltr'><strong>tamen</strong></span> <span class='ocrx_word' id='word_1_103' title='bbox 902 2163 1032 2247; x_wconf 90' lang='lat' dir='ltr'><strong>speciem</strong></span> <span class='ocrx_word' id='word_1_104' title='bbox 1055 2161 1152 2246; x_wconf 81' lang='lat' dir='ltr'><strong>magis</strong></span> 
     </span>
     <span class='ocr_line' id='line_1_15' title="bbox 130 2264 1152 2348; baseline -0.001 -16"><span class='ocrx_word' id='word_1_105' title='bbox 130 2268 217 2332; x_wconf 81' lang='lat' dir='ltr'><strong>etiam</strong></span> <span class='ocrx_word' id='word_1_106' title='bbox 234 2285 326 2348; x_wconf 82' lang='lat' dir='ltr'><strong>qnam</strong></span> <span class='ocrx_word' id='word_1_107' title='bbox 340 2283 406 2328; x_wconf 89' lang='lat' dir='ltr'><strong>rem</strong></span> <span class='ocrx_word' id='word_1_108' title='bbox 421 2274 557 2328; x_wconf 89' lang='lat' dir='ltr'><strong>secutam</strong></span> <span class='ocrx_word' id='word_1_109' title='bbox 573 2284 664 2342; x_wconf 89' lang='lat' dir='ltr'><strong>esse,</strong></span> <span class='ocrx_word' id='word_1_110' title='bbox 688 2283 785 2348; x_wconf 86' lang='lat' dir='ltr'><strong>neque</strong></span> <span class='ocrx_word' id='word_1_111' title='bbox 808 2265 840 2328; x_wconf 93' lang='lat' dir='ltr'><strong>in</strong></span> <span class='ocrx_word' id='word_1_112' title='bbox 855 2264 918 2328; x_wconf 85' lang='lat' dir='ltr'><strong>vita</strong></span> <span class='ocrx_word' id='word_1_113' title='bbox 934 2265 1063 2330; x_wconf 86' lang='lat' dir='ltr'><strong>animum</strong></span> <span class='ocrx_word' id='word_1_114' title='bbox 1079 2288 1152 2331; x_wconf 90' lang='lat' dir='ltr'><strong>cou-</strong></span> 
     </span>
     <span class='ocr_line' id='line_1_16' title="bbox 129 2364 1152 2454; baseline -0.001 -20"><span class='ocrx_word' id='word_1_115' title='bbox 129 2380 278 2445; x_wconf 82' lang='lat' dir='ltr'><strong>stautem,</strong></span> <span class='ocrx_word' id='word_1_116' title='bbox 303 2364 420 2450; x_wconf 81' lang='lat' dir='ltr'><strong>gloriae</strong></span> <span class='ocrx_word' id='word_1_117' title='bbox 434 2387 514 2429; x_wconf 81' lang='lat' dir='ltr'><strong>vana</strong></span> <span class='ocrx_word' id='word_1_118' title='bbox 530 2365 670 2451; x_wconf 89' lang='lat' dir='ltr'><strong>cupidine</strong></span> <span class='ocrx_word' id='word_1_119' title='bbox 687 2374 718 2430; x_wconf 91' lang='lat' dir='ltr'><strong>et</strong></span> <span class='ocrx_word' id='word_1_120' title='bbox 731 2364 854 2431; x_wconf 76' lang='lat' dir='ltr'><strong>luxuria</strong></span> <span class='ocrx_word' id='word_1_121' title='bbox 870 2365 1016 2448; x_wconf 85' lang='lat' dir='ltr'><strong>liberum,</strong></span> <span class='ocrx_word' id='word_1_122' title='bbox 1034 2371 1152 2454; x_wconf 88' lang='lat' dir='ltr'><strong>qualem</strong></span> 
     </span>
     <span class='ocr_line' id='line_1_17' title="bbox 132 2467 1152 2553; baseline 0 -18"><span class='ocrx_word' id='word_1_123' title='bbox 132 2468 255 2537; x_wconf 75' lang='lat' dir='ltr'><strong>Seneca</strong></span> <span class='ocrx_word' id='word_1_124' title='bbox 274 2467 465 2552; x_wconf 85' lang='lat' dir='ltr'><strong>potissimum</strong></span> <span class='ocrx_word' id='word_1_125' title='bbox 484 2467 517 2531; x_wconf 88' lang='lat' dir='ltr'><strong>in</strong></span> <span class='ocrx_word' id='word_1_126' title='bbox 537 2467 658 2553; x_wconf 89' lang='lat' dir='ltr'><strong>scriptis</strong></span> <span class='ocrx_word' id='word_1_127' title='bbox 674 2468 825 2548; x_wconf 84' lang='lat' dir='ltr'><strong>ostendit,</strong></span> <span class='ocrx_word' id='word_1_128' title='bbox 849 2490 1012 2548; x_wconf 88' lang='lat' dir='ltr'><strong>servasse,</strong></span> <span class='ocrx_word' id='word_1_129' title='bbox 1037 2482 1152 2537; x_wconf 91' lang='lat' dir='ltr'><strong>certum</strong></span> 
     </span>
     <span class='ocr_line' id='line_1_18' title="bbox 131 2569 1150 2657; baseline -0.001 -19"><span class='ocrx_word' id='word_1_130' title='bbox 131 2587 176 2638; x_wconf 85' lang='lat' dir='ltr'><strong>est</strong></span> <span class='ocrx_word' id='word_1_131' title='bbox 193 2583 216 2636; x_wconf 86' lang='lat'><strong>¹.</strong></span> <span class='ocrx_word' id='word_1_132' title='bbox 258 2570 329 2657; x_wconf 79' lang='lat' dir='ltr'><strong>Ego</strong></span> <span class='ocrx_word' id='word_1_133' title='bbox 353 2591 414 2634; x_wconf 91' lang='lat' dir='ltr'><strong>non</strong></span> <span class='ocrx_word' id='word_1_134' title='bbox 436 2569 466 2634; x_wconf 87' lang='lat' dir='ltr'><strong>id</strong></span> <span class='ocrx_word' id='word_1_135' title='bbox 488 2569 666 2655; x_wconf 86' lang='lat' dir='ltr'><strong>suscipiam,</strong></span> <span class='ocrx_word' id='word_1_136' title='bbox 691 2581 724 2634; x_wconf 90' lang='lat' dir='ltr'><strong>ut</strong></span> <span class='ocrx_word' id='word_1_137' title='bbox 749 2571 974 2650; x_wconf 84' lang='lat' dir='ltr'><strong>demonstrem,</strong></span> <span class='ocrx_word' id='word_1_138' title='bbox 997 2569 1150 2652; x_wconf 89' lang='lat' dir='ltr'><strong>Persium,</strong></span> 
     </span>
     <span class='ocr_line' id='line_1_19' title="bbox 130 2670 1152 2759; baseline -0.001 -20"><span class='ocrx_word' id='word_1_139' title='bbox 130 2676 177 2740; x_wconf 87' lang='lat' dir='ltr'><strong>uhi</strong></span> <span class='ocrx_word' id='word_1_140' title='bbox 193 2676 232 2740; x_wconf 88' lang='lat' dir='ltr'><strong>dc</strong></span> <span class='ocrx_word' id='word_1_141' title='bbox 249 2673 348 2759; x_wconf 85' lang='lat' dir='ltr'><strong>poetis</strong></span> <span class='ocrx_word' id='word_1_142' title='bbox 370 2673 416 2737; x_wconf 91' lang='lat' dir='ltr'><strong>sui</strong></span> <span class='ocrx_word' id='word_1_143' title='bbox 439 2672 583 2756; x_wconf 89' lang='lat' dir='ltr'><strong>temporis</strong></span> <span class='ocrx_word' id='word_1_144' title='bbox 602 2671 752 2754; x_wconf 91' lang='lat' dir='ltr'><strong>loquitur,</strong></span> <span class='ocrx_word' id='word_1_145' title='bbox 777 2673 827 2755; x_wconf 93' lang='lat' dir='ltr'><strong>qui</strong></span> <span class='ocrx_word' id='word_1_146' title='bbox 843 2670 964 2737; x_wconf 86' lang='lat' dir='ltr'><strong>Graece</strong></span> <span class='ocrx_word' id='word_1_147' title='bbox 979 2674 1088 2759; x_wconf 85' lang='lat' dir='ltr'><strong>nugari</strong></span> <span class='ocrx_word' id='word_1_148' title='bbox 1102 2695 1152 2738; x_wconf 84' lang='lat' dir='ltr'><strong>so·</strong></span> 
     </span>
    </p>
   </div>
   <div class='ocr_carea' id='block_1_4' title="bbox 132 2809 1158 4526">
    <p class='ocr_par' dir='ltr' id='par_1_4' title="bbox 132 2809 1155 3564">
     <span class='ocr_line' id='line_1_20' title="bbox 132 2809 1153 2878; baseline -0.004 -13"><span class='ocrx_word' id='word_1_149' title='bbox 132 2814 144 2865; x_wconf 92' lang='lat' dir='ltr'><strong>l</strong></span> <span class='ocrx_word' id='word_1_150' title='bbox 162 2811 199 2863; x_wconf 80' lang='lat' dir='ltr'><strong>lte</strong></span> <span class='ocrx_word' id='word_1_151' title='bbox 217 2810 326 2862; x_wconf 80' lang='lat' dir='ltr'><strong>Luem</strong></span> <span class='ocrx_word' id='word_1_152' title='bbox 342 2809 449 2877; x_wconf 84' lang='lat' dir='ltr'><strong>eiusque</strong></span> <span class='ocrx_word' id='word_1_153' title='bbox 466 2809 561 2861; x_wconf 84' lang='lat' dir='ltr'><strong>studiis</strong></span> <span class='ocrx_word' id='word_1_154' title='bbox 578 2824 605 2860; x_wconf 80' lang='lat' dir='ltr'><strong>v.</strong></span> <span class='ocrx_word' id='word_1_155' title='bbox 619 2810 698 2860; x_wconf 80' lang='lat' dir='ltr'><strong>vitem</strong></span> <span class='ocrx_word' id='word_1_156' title='bbox 712 2809 845 2868; x_wconf 70' lang='lat' dir='ltr'><strong>Suetoniit</strong></span> <span class='ocrx_word' id='word_1_157' title='bbox 865 2809 991 2875; x_wconf 82' lang='lat' dir='ltr'><strong>slismque</strong></span> <span class='ocrx_word' id='word_1_158' title='bbox 1003 2826 1035 2860; x_wconf 83' lang='lat' dir='ltr'><strong>ex</strong></span> <span class='ocrx_word' id='word_1_159' title='bbox 1047 2812 1153 2878; x_wconf 83' lang='lat' dir='ltr'><strong>antiquo</strong></span> 
     </span>
     <span class='ocr_line' id='line_1_21' title="bbox 162 2876 1153 2945; baseline -0.002 -13"><span class='ocrx_word' id='word_1_160' title='bbox 162 2879 350 2932; x_wconf 68' lang='lat' dir='ltr'><strong>montemurlo</strong></span> <span class='ocrx_word' id='word_1_161' title='bbox 372 2879 439 2930; x_wconf 77' lang='lat' dir='ltr'><strong>stet.</strong></span> <span class='ocrx_word' id='word_1_162' title='bbox 460 2878 525 2930; x_wconf 78' lang='lat' dir='ltr'><strong>sito.</strong></span> <span class='ocrx_word' id='word_1_163' title='bbox 546 2876 578 2941; x_wconf 90' lang='lat' dir='ltr'><strong>ll,</strong></span> <span class='ocrx_word' id='word_1_164' title='bbox 598 2879 623 2930; x_wconf 84' lang='grc'><strong>7.</strong></span> <span class='ocrx_word' id='word_1_165' title='bbox 650 2877 788 2928; x_wconf 86' lang='lat' dir='ltr'><strong>Suetonius</strong></span> <span class='ocrx_word' id='word_1_166' title='bbox 808 2878 910 2945; x_wconf 86' lang='lat' dir='ltr'><strong>quidem</strong></span> <span class='ocrx_word' id='word_1_167' title='bbox 934 2879 1046 2945; x_wconf 78' lang='lat' dir='ltr'><strong>iniquior</strong></span> <span class='ocrx_word' id='word_1_168' title='bbox 1063 2887 1153 2930; x_wconf 77' lang='lat' dir='ltr'><strong>contre</strong></span> 
     </span>
     <span class='ocr_line' id='line_1_22' title="bbox 163 2946 1153 3015; baseline -0.002 -14"><span class='ocrx_word' id='word_1_169' title='bbox 163 2965 221 3002; x_wconf 77' lang='lat' dir='ltr'><strong>eon</strong></span> <span class='ocrx_word' id='word_1_170' title='bbox 239 2955 297 3011; x_wconf 83' lang='lat' dir='ltr'><strong>est,</strong></span> <span class='ocrx_word' id='word_1_171' title='bbox 324 2954 351 2998; x_wconf 79' lang='lat' dir='ltr'><strong>st</strong></span> <span class='ocrx_word' id='word_1_172' title='bbox 377 2946 486 2999; x_wconf 81' lang='lat' dir='ltr'><strong>Tacitus</strong></span> <span class='ocrx_word' id='word_1_173' title='bbox 508 2962 606 3014; x_wconf 89' lang='lat' dir='ltr'><strong>qaoque</strong></span> <span class='ocrx_word' id='word_1_174' title='bbox 634 2961 732 3012; x_wconf 82' lang='lat' dir='ltr'><strong>aequus</strong></span> <span class='ocrx_word' id='word_1_175' title='bbox 757 2946 834 2996; x_wconf 89' lang='lat' dir='ltr'><strong>iudex</strong></span> <span class='ocrx_word' id='word_1_176' title='bbox 852 2947 918 2997; x_wconf 84' lang='lat' dir='ltr'><strong>eatis</strong></span> <span class='ocrx_word' id='word_1_177' title='bbox 937 2948 1038 3014; x_wconf 89' lang='lat' dir='ltr'><strong>quidem</strong></span> <span class='ocrx_word' id='word_1_178' title='bbox 1058 2949 1153 3015; x_wconf 88' lang='lat' dir='ltr'><strong>prodit,</strong></span> 
     </span>
     <span class='ocr_line' id='line_1_23' title="bbox 163 3014 1154 3085; baseline 0 -17"><span class='ocrx_word' id='word_1_179' title='bbox 163 3033 219 3070; x_wconf 82' lang='lat' dir='ltr'><strong>eom</strong></span> <span class='ocrx_word' id='word_1_180' title='bbox 239 3016 367 3085; x_wconf 78' lang='lat' dir='ltr'><strong>sepientis</strong></span> <span class='ocrx_word' id='word_1_181' title='bbox 383 3016 552 3066; x_wconf 75' lang='lat' dir='ltr'><strong>constentino</strong></span> <span class='ocrx_word' id='word_1_182' title='bbox 576 3014 723 3080; x_wconf 84' lang='lat' dir='ltr'><strong>neutiquam</strong></span> <span class='ocrx_word' id='word_1_183' title='bbox 749 3030 878 3065; x_wconf 74' lang='lat' dir='ltr'><strong>servasse.</strong></span> <span class='ocrx_word' id='word_1_184' title='bbox 909 3014 947 3066; x_wconf 88' lang='lat' dir='ltr'><strong>lta</strong></span> <span class='ocrx_word' id='word_1_185' title='bbox 965 3017 1089 3083; x_wconf 76' lang='lat' dir='ltr'><strong>prousisae</strong></span> <span class='ocrx_word' id='word_1_186' title='bbox 1107 3019 1154 3068; x_wconf 90' lang='lat' dir='ltr'><strong>im-</strong></span> 
     </span>
     <span class='ocr_line' id='line_1_24' title="bbox 164 3083 1152 3154; baseline 0 -17"><span class='ocrx_word' id='word_1_187' title='bbox 164 3088 284 3154; x_wconf 73' lang='lat' dir='ltr'><strong>positure</strong></span> <span class='ocrx_word' id='word_1_188' title='bbox 303 3092 441 3152; x_wconf 78' lang='lat' dir='ltr'><strong>corruptus</strong></span> <span class='ocrx_word' id='word_1_189' title='bbox 459 3091 566 3135; x_wconf 72' lang='lat' dir='ltr'><strong>matrem</strong></span> <span class='ocrx_word' id='word_1_190' title='bbox 583 3083 692 3134; x_wconf 75' lang='lat' dir='ltr'><strong>Acilium</strong></span> <span class='ocrx_word' id='word_1_191' title='bbox 711 3084 822 3151; x_wconf 88' lang='lat' dir='ltr'><strong>prodidit</strong></span> <span class='ocrx_word' id='word_1_192' title='bbox 839 3083 914 3147; x_wconf 81' lang='lat' dir='ltr'><strong>(Tse.</strong></span> <span class='ocrx_word' id='word_1_193' title='bbox 935 3087 1001 3135; x_wconf 77' lang='lat' dir='ltr'><strong>hau.</strong></span> <span class='ocrx_word' id='word_1_194' title='bbox 1019 3083 1079 3149; x_wconf 91' lang='lat' dir='ltr'><strong>XV,</strong></span> <span class='ocrx_word' id='word_1_195' title='bbox 1096 3085 1152 3151; x_wconf 77' lang='lat' dir='ltr'><strong>dd),</strong></span> 
     </span>
     <span class='ocr_line' id='line_1_25' title="bbox 164 3152 1152 3221; baseline -0.002 -15"><span class='ocrx_word' id='word_1_196' title='bbox 164 3163 189 3206; x_wconf 89' lang='lat' dir='ltr'><strong>et</strong></span> <span class='ocrx_word' id='word_1_197' title='bbox 206 3156 277 3221; x_wconf 82' lang='lat' dir='ltr'><strong>qaod</strong></span> <span class='ocrx_word' id='word_1_198' title='bbox 295 3153 437 3204; x_wconf 83' lang='lat' dir='ltr'><strong>moriturus</strong></span> <span class='ocrx_word' id='word_1_199' title='bbox 454 3168 573 3214; x_wconf 70' lang='lat' dir='ltr'><strong>umen,</strong></span> <span class='ocrx_word' id='word_1_200' title='bbox 597 3152 664 3218; x_wconf 90' lang='lat' dir='ltr'><strong>quod</strong></span> <span class='ocrx_word' id='word_1_201' title='bbox 688 3152 720 3202; x_wconf 88' lang='lat' dir='ltr'><strong>de</strong></span> <span class='ocrx_word' id='word_1_202' title='bbox 742 3152 878 3203; x_wconf 74' lang='lat' dir='ltr'><strong>vulnerato</strong></span> <span class='ocrx_word' id='word_1_203' title='bbox 896 3152 979 3204; x_wconf 85' lang='lat' dir='ltr'><strong>milite</strong></span> <span class='ocrx_word' id='word_1_204' title='bbox 1001 3156 1152 3219; x_wconf 86' lang='lat' dir='ltr'><strong>composuit,</strong></span> 
     </span>
     <span class='ocr_line' id='line_1_26' title="bbox 165 3219 1155 3288; baseline -0.001 -14"><span class='ocrx_word' id='word_1_205' title='bbox 165 3228 291 3275; x_wconf 78' lang='lat' dir='ltr'><strong>recitasse</strong></span> <span class='ocrx_word' id='word_1_206' title='bbox 308 3231 433 3272; x_wconf 74' lang='lat' dir='ltr'><strong>oneretur</strong></span> <span class='ocrx_word' id='word_1_207' title='bbox 449 3223 527 3283; x_wconf 81' lang='lat' dir='ltr'><strong>(Anu.</strong></span> <span class='ocrx_word' id='word_1_208' title='bbox 541 3219 601 3283; x_wconf 91' lang='lat' dir='ltr'><strong>XV,</strong></span> <span class='ocrx_word' id='word_1_209' title='bbox 618 3220 661 3282; x_wconf 76' lang='lat' dir='ltr'><strong>ld)</strong></span> <span class='ocrx_word' id='word_1_210' title='bbox 675 3221 700 3271; x_wconf 89' lang='lat' dir='ltr'><strong>id</strong></span> <span class='ocrx_word' id='word_1_211' title='bbox 719 3222 781 3271; x_wconf 83' lang='lat' dir='ltr'><strong>mihi</strong></span> <span class='ocrx_word' id='word_1_212' title='bbox 800 3221 901 3288; x_wconf 87' lang='lat' dir='ltr'><strong>quidem</strong></span> <span class='ocrx_word' id='word_1_213' title='bbox 920 3221 1064 3273; x_wconf 74' lang='lat' dir='ltr'><strong>affectatum</strong></span> <span class='ocrx_word' id='word_1_214' title='bbox 1082 3223 1155 3273; x_wconf 78' lang='lat' dir='ltr'><strong>vide-</strong></span> 
     </span>
     <span class='ocr_line' id='line_1_27' title="bbox 165 3290 1154 3357; baseline -0.003 -14"><span class='ocrx_word' id='word_1_215' title='bbox 165 3301 225 3356; x_wconf 81' lang='lat' dir='ltr'><strong>tar,</strong></span> <span class='ocrx_word' id='word_1_216' title='bbox 245 3293 383 3357; x_wconf 82' lang='lat' dir='ltr'><strong>virumque</strong></span> <span class='ocrx_word' id='word_1_217' title='bbox 401 3290 554 3354; x_wconf 86' lang='lat' dir='ltr'><strong>ostendere,</strong></span> <span class='ocrx_word' id='word_1_218' title='bbox 574 3290 617 3357; x_wconf 91' lang='lat' dir='ltr'><strong>qui</strong></span> <span class='ocrx_word' id='word_1_219' title='bbox 636 3290 764 3354; x_wconf 72' lang='lat' dir='ltr'><strong>ingenium</strong></span> <span class='ocrx_word' id='word_1_220' title='bbox 784 3291 909 3357; x_wconf 87' lang='lat' dir='ltr'><strong>poeticum</strong></span> <span class='ocrx_word' id='word_1_221' title='bbox 928 3298 955 3341; x_wconf 92' lang='lat' dir='ltr'><strong>et</strong></span> <span class='ocrx_word' id='word_1_222' title='bbox 971 3292 1079 3342; x_wconf 81' lang='lat' dir='ltr'><strong>stoicam</strong></span> <span class='ocrx_word' id='word_1_223' title='bbox 1095 3307 1154 3342; x_wconf 89' lang='lat' dir='ltr'><strong>con-</strong></span> 
     </span>
     <span class='ocr_line' id='line_1_28' title="bbox 164 3356 1154 3413; baseline -0.002 -1"><span class='ocrx_word' id='word_1_224' title='bbox 164 3363 290 3413; x_wconf 73' lang='lat' dir='ltr'><strong>station</strong></span> <span class='ocrx_word' id='word_1_225' title='bbox 314 3367 443 3410; x_wconf 79' lang='lat' dir='ltr'><strong>oateotsre</strong></span> <span class='ocrx_word' id='word_1_226' title='bbox 468 3358 560 3410; x_wconf 84' lang='lat' dir='ltr'><strong>voluit.</strong></span> <span class='ocrx_word' id='word_1_227' title='bbox 598 3357 663 3408; x_wconf 83' lang='lat' dir='ltr'><strong>Eum</strong></span> <span class='ocrx_word' id='word_1_228' title='bbox 687 3373 750 3409; x_wconf 86' lang='lat' dir='ltr'><strong>vero</strong></span> <span class='ocrx_word' id='word_1_229' title='bbox 768 3366 858 3409; x_wconf 85' lang='lat' dir='ltr'><strong>contra</strong></span> <span class='ocrx_word' id='word_1_230' title='bbox 876 3356 1001 3410; x_wconf 84' lang='lat' dir='ltr'><strong>Neronem</strong></span> <span class='ocrx_word' id='word_1_231' title='bbox 1021 3360 1154 3410; x_wconf 86' lang='lat' dir='ltr'><strong>iueeusum</strong></span> 
     </span>
     <span class='ocr_line' id='line_1_29' title="bbox 165 3427 1155 3495; baseline -0.002 -15"><span class='ocrx_word' id='word_1_232' title='bbox 165 3430 247 3480; x_wconf 77' lang='lat' dir='ltr'><strong>inisse</strong></span> <span class='ocrx_word' id='word_1_233' title='bbox 270 3429 380 3479; x_wconf 76' lang='lat' dir='ltr'><strong>noxiae</strong></span> <span class='ocrx_word' id='word_1_234' title='bbox 406 3429 438 3477; x_wconf 87' lang='lat' dir='ltr'><strong>oh</strong></span> <span class='ocrx_word' id='word_1_235' title='bbox 459 3429 584 3495; x_wconf 77' lang='lat' dir='ltr'><strong>poeticam</strong></span> <span class='ocrx_word' id='word_1_236' title='bbox 602 3427 797 3478; x_wconf 75' lang='lat' dir='ltr'><strong>aemulationem</strong></span> <span class='ocrx_word' id='word_1_237' title='bbox 817 3429 946 3478; x_wconf 79' lang='lat' dir='ltr'><strong>consentit</strong></span> <span class='ocrx_word' id='word_1_238' title='bbox 963 3427 1084 3478; x_wconf 84' lang='lat' dir='ltr'><strong>Suetonio</strong></span> <span class='ocrx_word' id='word_1_239' title='bbox 1102 3427 1155 3479; x_wconf 80' lang='grc' dir='ltr'><strong>Τι-</strong></span> 
     </span>
     <span class='ocr_line' id='line_1_30' title="bbox 164 3494 1128 3564; baseline -0.002 -15"><span class='ocrx_word' id='word_1_240' title='bbox 164 3499 233 3550; x_wconf 80' lang='lat' dir='ltr'><strong>citos</strong></span> <span class='ocrx_word' id='word_1_241' title='bbox 251 3498 331 3563; x_wconf 72' lang='lat' dir='ltr'><strong>(Ano.</strong></span> <span class='ocrx_word' id='word_1_242' title='bbox 346 3494 406 3559; x_wconf 91' lang='lat' dir='ltr'><strong>XV,</strong></span> <span class='ocrx_word' id='word_1_243' title='bbox 420 3498 474 3557; x_wconf 73' lang='lat' dir='ltr'><strong>ld).</strong></span> <span class='ocrx_word' id='word_1_244' title='bbox 495 3497 615 3547; x_wconf 84' lang='lat' dir='ltr'><strong>Ceterum</strong></span> <span class='ocrx_word' id='word_1_245' title='bbox 634 3496 824 3564; x_wconf 81' lang='lat' dir='ltr'><strong>inscriptionem</strong></span> <span class='ocrx_word' id='word_1_246' title='bbox 843 3497 953 3548; x_wconf 86' lang='lat' dir='ltr'><strong>multum</strong></span> <span class='ocrx_word' id='word_1_247' title='bbox 972 3497 1128 3548; x_wconf 88' lang='lat' dir='ltr'><strong>celebratam</strong></span> 
     </span>
    </p>

    <p class='ocr_par' dir='ltr' id='par_1_5' title="bbox 340 3563 688 3617">
     <span class='ocr_line' id='line_1_31' title="bbox 340 3563 688 3617; baseline -0.006 -1"><span class='ocrx_word' id='word_1_248' title='bbox 340 3564 376 3617; x_wconf 83' lang='lat' dir='ltr'><strong>hl.</strong></span> <span class='ocrx_word' id='word_1_249' title='bbox 398 3564 535 3616; x_wconf 76' lang='lat' dir='ltr'>ANNABO</span> <span class='ocrx_word' id='word_1_250' title='bbox 553 3563 688 3616; x_wconf 76' lang='lat' dir='ltr'><strong>tvenne</strong></span> 
     </span>
    </p>

    <p class='ocr_par' dir='ltr' id='par_1_6' title="bbox 341 3631 702 3685">
     <span class='ocr_line' id='line_1_32' title="bbox 341 3631 702 3685; baseline -0.006 -1"><span class='ocrx_word' id='word_1_251' title='bbox 341 3632 551 3685; x_wconf 78' lang='lat' dir='ltr'><strong>couuvtunst</strong></span> <span class='ocrx_word' id='word_1_252' title='bbox 569 3631 702 3683; x_wconf 75' lang='grc' dir='ltr'><strong>ΡΟΕΤΑΕ</strong></span> 
     </span>
    </p>

    <p class='ocr_par' dir='ltr' id='par_1_7' title="bbox 341 3700 675 3754">
     <span class='ocr_line' id='line_1_33' title="bbox 341 3700 675 3754; baseline -0.003 -1"><span class='ocrx_word' id='word_1_253' title='bbox 341 3700 515 3754; x_wconf 69' lang='lat' dir='ltr'><strong>sepedicto</strong></span> <span class='ocrx_word' id='word_1_254' title='bbox 534 3700 675 3753; x_wconf 79' lang='lat' dir='ltr'><strong>Nltltottts</strong></span> 
     </span>
    </p>

    <p class='ocr_par' dir='ltr' id='par_1_8' title="bbox 166 3769 1158 4526">
     <span class='ocr_line' id='line_1_34' title="bbox 342 3769 608 3823; baseline -0.011 0"><span class='ocrx_word' id='word_1_255' title='bbox 342 3770 433 3823; x_wconf 74' lang='lat' dir='ltr'><strong>Fntts</strong></span> <span class='ocrx_word' id='word_1_256' title='bbox 452 3769 608 3821; x_wconf 70' lang='lat' dir='ltr'><strong>sultvnpn</strong></span> 
     </span>
     <span class='ocr_line' id='line_1_35' title="bbox 166 3836 1153 3905; baseline -0.004 -13"><span class='ocrx_word' id='word_1_257' title='bbox 166 3840 257 3905; x_wconf 81' lang='lat' dir='ltr'><strong>(Grat.</strong></span> <span class='ocrx_word' id='word_1_258' title='bbox 273 3840 335 3901; x_wconf 71' lang='lat' dir='ltr'><strong>stt,</strong></span> <span class='ocrx_word' id='word_1_259' title='bbox 346 3840 373 3891; x_wconf 77' lang='lat'><strong>2.</strong></span> <span class='ocrx_word' id='word_1_260' title='bbox 393 3838 468 3890; x_wconf 86' lang='lat' dir='ltr'><strong>Voss.</strong></span> <span class='ocrx_word' id='word_1_261' title='bbox 484 3841 515 3891; x_wconf 86' lang='lat' dir='ltr'><strong>de</strong></span> <span class='ocrx_word' id='word_1_262' title='bbox 528 3840 601 3890; x_wconf 83' lang='lat' dir='ltr'><strong>histt.</strong></span> <span class='ocrx_word' id='word_1_263' title='bbox 618 3837 687 3889; x_wconf 75' lang='lat' dir='ltr'><strong>tun</strong></span> <span class='ocrx_word' id='word_1_264' title='bbox 705 3838 725 3902; x_wconf 87' lang='lat' dir='ltr'><strong>l,</strong></span> <span class='ocrx_word' id='word_1_265' title='bbox 735 3839 778 3890; x_wconf 79' lang='lat' dir='ltr'><strong>tu.</strong></span> <span class='ocrx_word' id='word_1_266' title='bbox 798 3836 869 3905; x_wconf 85' lang='lat' dir='ltr'><strong>Lipa.</strong></span> <span class='ocrx_word' id='word_1_267' title='bbox 885 3838 917 3889; x_wconf 83' lang='lat' dir='ltr'><strong>od</strong></span> <span class='ocrx_word' id='word_1_268' title='bbox 931 3837 995 3889; x_wconf 82' lang='lat' dir='ltr'><strong>Tne.</strong></span> <span class='ocrx_word' id='word_1_269' title='bbox 1011 3841 1078 3890; x_wconf 78' lang='lat' dir='ltr'><strong>Anu.</strong></span> <span class='ocrx_word' id='word_1_270' title='bbox 1092 3836 1153 3901; x_wconf 89' lang='lat' dir='ltr'><strong>XV,</strong></span> 
     </span>
     <span class='ocr_line' id='line_1_36' title="bbox 166 3905 1153 3974; baseline -0.006 -12"><span class='ocrx_word' id='word_1_271' title='bbox 166 3912 210 3962; x_wconf 73' lang='grc'><strong>49.</strong></span> <span class='ocrx_word' id='word_1_272' title='bbox 236 3909 319 3974; x_wconf 84' lang='lat' dir='ltr'><strong>Sarps</strong></span> <span class='ocrx_word' id='word_1_273' title='bbox 330 3925 372 3974; x_wconf 89' lang='lat' dir='ltr'><strong>qn.</strong></span> <span class='ocrx_word' id='word_1_274' title='bbox 387 3909 475 3974; x_wconf 85' lang='lat' dir='ltr'><strong>philol.</strong></span> <span class='ocrx_word' id='word_1_275' title='bbox 510 3909 577 3960; x_wconf 72' lang='lat' dir='ltr'><strong>‚ih</strong></span> <span class='ocrx_word' id='word_1_276' title='bbox 602 3906 708 3959; x_wconf 85' lang='lat' dir='ltr'><strong>Weber.</strong></span> <span class='ocrx_word' id='word_1_277' title='bbox 731 3908 763 3958; x_wconf 85' lang='lat' dir='ltr'><strong>ad</strong></span> <span class='ocrx_word' id='word_1_278' title='bbox 785 3906 849 3957; x_wconf 88' lang='lat' dir='ltr'><strong>Luc.</strong></span> <span class='ocrx_word' id='word_1_279' title='bbox 870 3905 892 3958; x_wconf 92' lang='lat' dir='ltr'><strong>ll</strong></span> <span class='ocrx_word' id='word_1_280' title='bbox 912 3923 937 3973; x_wconf 91' lang='lat' dir='ltr'><strong>p.</strong></span> <span class='ocrx_word' id='word_1_281' title='bbox 954 3908 1013 3959; x_wconf 78' lang='grc'><strong>586.</strong></span> <span class='ocrx_word' id='word_1_282' title='bbox 1039 3906 1153 3958; x_wconf 81' lang='lat' dir='ltr'><strong>Fickert.</strong></span> 
     </span>
     <span class='ocr_line' id='line_1_37' title="bbox 167 3925 1154 4044; baseline -0.003 -16"><span class='ocrx_word' id='word_1_283' title='bbox 167 3979 276 4030; x_wconf 78' lang='lat' dir='ltr'><strong>adsen.</strong></span> <span class='ocrx_word' id='word_1_284' title='bbox 296 3976 346 4044; x_wconf 91' lang='lat' dir='ltr'><strong>lp.</strong></span> <span class='ocrx_word' id='word_1_285' title='bbox 363 3976 458 4029; x_wconf 89' lang='lat' dir='ltr'><strong>XXlV.</strong></span> <span class='ocrx_word' id='word_1_286' title='bbox 487 3925 648 4027; x_wconf 65' lang='lat' dir='ltr'><strong>heilsusll.</strong></span> <span class='ocrx_word' id='word_1_287' title='bbox 668 3976 750 4042; x_wconf 69' lang='lat' dir='ltr'><strong>epigr.</strong></span> <span class='ocrx_word' id='word_1_288' title='bbox 781 3992 804 4043; x_wconf 92' lang='lat' dir='ltr'><strong>p.</strong></span> <span class='ocrx_word' id='word_1_289' title='bbox 828 3975 901 4039; x_wconf 74' lang='lat' dir='ltr'><strong>2l3.)</strong></span> <span class='ocrx_word' id='word_1_290' title='bbox 927 3976 1063 4039; x_wconf 79' lang='lat' dir='ltr'><strong>genuinam</strong></span> <span class='ocrx_word' id='word_1_291' title='bbox 1087 3992 1154 4037; x_wconf 89' lang='lat' dir='ltr'><strong>esse,</strong></span> 
     </span>
     <span class='ocr_line' id='line_1_38' title="bbox 167 4041 1153 4113; baseline -0.006 -15"><span class='ocrx_word' id='word_1_292' title='bbox 167 4048 193 4098; x_wconf 86' lang='lat' dir='ltr'><strong>h.</strong></span> <span class='ocrx_word' id='word_1_293' title='bbox 203 4064 227 4098; x_wconf 89' lang='lat' dir='ltr'><strong>e.</strong></span> <span class='ocrx_word' id='word_1_294' title='bbox 237 4046 468 4113; x_wconf 79' lang='lat' dir='ltr'><strong>Neronistempore</strong></span> <span class='ocrx_word' id='word_1_295' title='bbox 475 4046 593 4112; x_wconf 75' lang='lat' dir='ltr'><strong>positum,</strong></span> <span class='ocrx_word' id='word_1_296' title='bbox 607 4047 769 4097; x_wconf 83' lang='lat' dir='ltr'><strong>vixerednm.</strong></span> <span class='ocrx_word' id='word_1_297' title='bbox 789 4042 872 4105; x_wconf 70' lang='lat' dir='ltr'><strong>Lepas</strong></span> <span class='ocrx_word' id='word_1_298' title='bbox 880 4044 952 4094; x_wconf 88' lang='lat' dir='ltr'><strong>modo</strong></span> <span class='ocrx_word' id='word_1_299' title='bbox 962 4041 1047 4094; x_wconf 83' lang='lat' dir='ltr'><strong>Taciti</strong></span> <span class='ocrx_word' id='word_1_300' title='bbox 1057 4045 1136 4095; x_wconf 88' lang='lat' dir='ltr'><strong>vorha</strong></span> <span class='ocrx_word' id='word_1_301' title='bbox 1147 4062 1153 4092; x_wconf 90' lang='lat'><strong>:</strong></span> 
     </span>
     <span class='ocr_line' id='line_1_39' title="bbox 167 4111 1156 4182; baseline -0.005 -16"><span class='ocrx_word' id='word_1_302' title='bbox 167 4115 240 4182; x_wconf 72' lang='lat' dir='ltr'><strong>quod</strong></span> <span class='ocrx_word' id='word_1_303' title='bbox 254 4117 366 4180; x_wconf 80' lang='lat' dir='ltr'><strong>samam</strong></span> <span class='ocrx_word' id='word_1_304' title='bbox 390 4119 449 4165; x_wconf 80' lang='lat' dir='ltr'><strong>er&#39;as</strong></span> <span class='ocrx_word' id='word_1_305' title='bbox 474 4118 624 4165; x_wconf 74' lang='lat' dir='ltr'><strong>carminum</strong></span> <span class='ocrx_word' id='word_1_306' title='bbox 647 4114 789 4181; x_wconf 73' lang='lat' dir='ltr'><strong>premetur</strong></span> <span class='ocrx_word' id='word_1_307' title='bbox 821 4111 894 4163; x_wconf 81' lang='lat' dir='ltr'><strong>Nero</strong></span> <span class='ocrx_word' id='word_1_308' title='bbox 924 4114 1156 4178; x_wconf 80' lang='lat' dir='ltr'><strong>prohibueratque</strong></span> 
     </span>
     <span class='ocr_line' id='line_1_40' title="bbox 166 4179 1156 4246; baseline -0.005 -11"><span class='ocrx_word' id='word_1_309' title='bbox 166 4188 305 4236; x_wconf 79' lang='lat' dir='ltr'><strong>ostentare</strong></span> <span class='ocrx_word' id='word_1_310' title='bbox 329 4198 399 4233; x_wconf 82' lang='lat' dir='ltr'><strong>oaaa</strong></span> <span class='ocrx_word' id='word_1_311' title='bbox 425 4183 638 4239; x_wconf 77' lang='lat' dir='ltr'><strong>assimilatione,</strong></span> <span class='ocrx_word' id='word_1_312' title='bbox 667 4190 693 4233; x_wconf 87' lang='lat' dir='ltr'><strong>et</strong></span> <span class='ocrx_word' id='word_1_313' title='bbox 718 4181 802 4232; x_wconf 85' lang='lat' dir='ltr'><strong>simile</strong></span> <span class='ocrx_word' id='word_1_314' title='bbox 827 4180 888 4246; x_wconf 84' lang='lat' dir='ltr'><strong>qnid</strong></span> <span class='ocrx_word' id='word_1_315' title='bbox 907 4179 932 4230; x_wconf 92' lang='lat' dir='ltr'><strong>in</strong></span> <span class='ocrx_word' id='word_1_316' title='bbox 959 4183 1043 4231; x_wconf 84' lang='lat' dir='ltr'><strong>salmo</strong></span> <span class='ocrx_word' id='word_1_317' title='bbox 1061 4182 1156 4232; x_wconf 84' lang='lat' dir='ltr'><strong>habere</strong></span> 
     </span>
     <span class='ocr_line' id='line_1_41' title="bbox 167 4250 1158 4315; baseline -0.002 -14"><span class='ocrx_word' id='word_1_318' title='bbox 167 4254 274 4304; x_wconf 77' lang='lat' dir='ltr'><strong>ridetur</strong></span> <span class='ocrx_word' id='word_1_319' title='bbox 291 4253 368 4303; x_wconf 82' lang='lat' dir='ltr'><strong>elisua</strong></span> <span class='ocrx_word' id='word_1_320' title='bbox 387 4252 544 4314; x_wconf 85' lang='lat' dir='ltr'><strong>Suetonius,</strong></span> <span class='ocrx_word' id='word_1_321' title='bbox 563 4252 607 4301; x_wconf 87' lang='lat' dir='ltr'><strong>uhi</strong></span> <span class='ocrx_word' id='word_1_322' title='bbox 621 4252 698 4302; x_wconf 79' lang='lat' dir='ltr'><strong>dicit:</strong></span> <span class='ocrx_word' id='word_1_323' title='bbox 717 4251 846 4302; x_wconf 86' lang='lat' dir='ltr'><strong>Poemata</strong></span> <span class='ocrx_word' id='word_1_324' title='bbox 865 4252 921 4298; x_wconf 77' lang='lat' dir='ltr'><strong>aaa</strong></span> <span class='ocrx_word' id='word_1_325' title='bbox 938 4253 1020 4300; x_wconf 81' lang='lat' dir='ltr'><strong>etiam</strong></span> <span class='ocrx_word' id='word_1_326' title='bbox 1032 4250 1158 4315; x_wconf 77' lang='lat' dir='ltr'><strong>praelegi</strong></span> 
     </span>
     <span class='ocr_line' id='line_1_42' title="bbox 166 4317 1156 4384; baseline -0.004 -14"><span class='ocrx_word' id='word_1_327' title='bbox 166 4324 286 4371; x_wconf 73' lang='lat' dir='ltr'><strong>ermini·</strong></span> <span class='ocrx_word' id='word_1_328' title='bbox 317 4320 452 4371; x_wconf 82' lang='lat' dir='ltr'><strong>Corduhue</strong></span> <span class='ocrx_word' id='word_1_329' title='bbox 469 4336 525 4371; x_wconf 86' lang='lat' dir='ltr'><strong>enm</strong></span> <span class='ocrx_word' id='word_1_330' title='bbox 544 4321 674 4371; x_wconf 85' lang='lat' dir='ltr'><strong>iuventam</strong></span> <span class='ocrx_word' id='word_1_331' title='bbox 692 4334 749 4370; x_wconf 84' lang='lat' dir='ltr'><strong>esse</strong></span> <span class='ocrx_word' id='word_1_332' title='bbox 767 4319 812 4368; x_wconf 88' lang='lat' dir='ltr'><strong>vix</strong></span> <span class='ocrx_word' id='word_1_333' title='bbox 829 4319 929 4368; x_wconf 87' lang='lat' dir='ltr'><strong>credam</strong></span> <span class='ocrx_word' id='word_1_334' title='bbox 949 4317 1084 4384; x_wconf 88' lang='lat' dir='ltr'><strong>llispanis,</strong></span> <span class='ocrx_word' id='word_1_335' title='bbox 1113 4317 1156 4383; x_wconf 92' lang='lat' dir='ltr'><strong>qui</strong></span> 
     </span>
     <span class='ocr_line' id='line_1_43' title="bbox 166 4387 1156 4454; baseline -0.006 -14"><span class='ocrx_word' id='word_1_336' title='bbox 166 4391 261 4441; x_wconf 85' lang='lat' dir='ltr'><strong>maltos</strong></span> <span class='ocrx_word' id='word_1_337' title='bbox 288 4389 418 4441; x_wconf 81' lang='lat' dir='ltr'><strong>linxerunt</strong></span> <span class='ocrx_word' id='word_1_338' title='bbox 443 4391 551 4440; x_wconf 84' lang='lat' dir='ltr'><strong>titulosr</strong></span> <span class='ocrx_word' id='word_1_339' title='bbox 578 4388 672 4440; x_wconf 85' lang='lat' dir='ltr'><strong>llornse</strong></span> <span class='ocrx_word' id='word_1_340' title='bbox 697 4395 821 4454; x_wconf 74' lang='lat' dir='ltr'><strong>repertum</strong></span> <span class='ocrx_word' id='word_1_341' title='bbox 847 4402 905 4437; x_wconf 85' lang='lat' dir='ltr'><strong>esse</strong></span> <span class='ocrx_word' id='word_1_342' title='bbox 930 4402 955 4437; x_wconf 83' lang='grc' dir='ltr'><strong>ι.</strong></span> <span class='ocrx_word' id='word_1_343' title='bbox 983 4387 1046 4438; x_wconf 73' lang='lat' dir='ltr'><strong>lidi</strong></span> <span class='ocrx_word' id='word_1_344' title='bbox 1067 4392 1156 4436; x_wconf 77' lang='lat' dir='ltr'><strong>narret</strong></span> 
     </span>
     <span class='ocr_line' id='line_1_44' title="bbox 168 4453 1155 4526; baseline -0.005 -18"><span class='ocrx_word' id='word_1_345' title='bbox 168 4457 224 4509; x_wconf 87' lang='lat' dir='ltr'><strong>llol.</strong></span> <span class='ocrx_word' id='word_1_346' title='bbox 245 4460 277 4510; x_wconf 88' lang='lat' dir='ltr'><strong>de</strong></span> <span class='ocrx_word' id='word_1_347' title='bbox 295 4458 398 4526; x_wconf 71' lang='lat' dir='ltr'><strong>Plapola</strong></span> <span class='ocrx_word' id='word_1_348' title='bbox 417 4459 484 4526; x_wconf 80' lang='lat' dir='ltr'><strong>opud</strong></span> <span class='ocrx_word' id='word_1_349' title='bbox 503 4457 652 4511; x_wconf 85' lang='lat' dir='ltr'><strong>Fickertum</strong></span> <span class='ocrx_word' id='word_1_350' title='bbox 661 4457 746 4525; x_wconf 86' lang='lat' dir='ltr'><strong>ibique</strong></span> <span class='ocrx_word' id='word_1_351' title='bbox 764 4472 818 4509; x_wconf 87' lang='lat' dir='ltr'><strong>eam</strong></span> <span class='ocrx_word' id='word_1_352' title='bbox 832 4455 931 4507; x_wconf 78' lang='lat' dir='ltr'><strong>servort</strong></span> <span class='ocrx_word' id='word_1_353' title='bbox 945 4457 1025 4507; x_wconf 86' lang='lat' dir='ltr'><strong>tradit</strong></span> <span class='ocrx_word' id='word_1_354' title='bbox 1037 4453 1155 4505; x_wconf 81' lang='lat' dir='ltr'><strong>Vossius.</strong></span> 
     </span>
    </p>
   </div>
   <div class='ocr_carea' id='block_1_5' title="bbox 196 4544 936 4590">
    <p class='ocr_par' dir='ltr' id='par_1_9' title="bbox 196 4544 936 4590">
     <span class='ocr_line' id='line_1_45' title="bbox 196 4544 936 4590; baseline -0.003 -2"><span class='ocrx_word' id='word_1_355' title='bbox 196 4548 317 4590; x_wconf 59' lang='lat' dir='ltr'><strong>Rulli&amp;</strong></span> <span class='ocrx_word' id='word_1_356' title='bbox 919 4544 936 4586; x_wconf 75' lang='grc'><strong>0</strong></span> 
     </span>
    </p>
   </div>
   <div class='ocr_carea' id='block_1_6' title="bbox 0 0 1301 5054">
    <p class='ocr_par' dir='ltr' id='par_1_10' title="bbox 0 0 1301 5054">
     <span class='ocr_line' id='line_1_46' title="bbox 0 0 1301 5054; baseline 0 0"><span class='ocrx_word' id='word_1_357' title='bbox 0 0 1301 5054; x_wconf 95' lang='lat' dir='ltr'><strong> </strong></span> 
     </span>
    </p>
   </div>
  </div>
 </body>
</html>
