2574 5054
455 740 821 808 PROLEGOMENA.
1036 768 1142 814 axum

135 916 220 981 aonio
253 925 377 981 coutet
404 913 534 979 eundem
569 934 639 981 esso
671 913 848 982 Labeonem
884 925 974 1000 aque
1005 917 1137 1000 Attium,

135 1018 275 1100 meritur
288 1036 368 1080 anne
383 1017 463 1082 alins
477 1013 584 1081 Labeo
597 1016 811 1104 intelligendus
826 1018 885 1098 sit,
909 1028 941 1083 et
954 1019 1034 1084 siout
1046 1018 1140 1108 Poly·

133 1119 221 1184 unas
235 1129 270 1184 et
285 1117 440 1183 Troiades
454 1118 689 1205 proverbialiter
702 1141 743 1183 ex
759 1120 884 1185 Homeri
899 1131 972 1184 noto
986 1121 1075 1200 loeo,
1096 1122 1138 1187 ita

131 1217 225 1287 babeo
255 1240 298 1285 ex
318 1217 450 1285 Horatio
470 1219 544 1306 (rat.
561 1218 589 1300 1,
605 1219 638 1301 3,
654 1219 712 1302 82)
735 1233 886 1287 assumtus
909 1222 960 1287 sit.
1000 1220 1060 1306 Qui
1080 1222 1139 1289 boe

130 1324 278 1388 firmavit
305 1320 506 1388 Sebindlerus
535 1325 668 1407 (meditt.
698 1335 730 1389 et
751 1325 895 1390 observv.
918 1323 1010 1388 inriti.
1035 1325 1073 1389 ati
1094 1326 1136 1389 A.

129 1421 256 1492 Persium
285 1446 371 1509 spen.
393 1447 422 1489 o.
446 1421 467 1488 3
489 1446 519 1510 p.
535 1423 578 1490 29
592 1425 692 1511 sqq),
723 1426 753 1490 it
775 1448 893 1511 quoque
915 1426 1054 1490 obtinere
1075 1436 1138 1489 stu·

129 1527 192 1605 tur,
216 1526 378 1592 Horatium
394 1547 457 1592 non
471 1527 698 1593 celeberrimum
714 1525 820 1593 lCtum
835 1529 1002 1593 Antistium
1018 1526 1140 1592 Labeo·
1186 1605 1190 1613 .

130 1650 186 1695 nrm
199 1639 327 1694 neusse
341 1628 546 1708 otiosarum,
566 1629 619 1694 sed
635 1631 784 1708 eundem,
806 1649 893 1714 quem
908 1627 1053 1707 Persius,
1076 1638 1140 1694 sto·

130 1731 207 1796 ilum
228 1741 350 1816 poetam
373 1729 489 1796 Attiou
511 1728 701 1797 Labeonem.
729 1729 829 1816 Atque
846 1731 919 1796 baec
934 1731 1053 1815 quidem
1068 1752 1140 1797 sen·

131 1835 212 1898 tentia
235 1833 297 1898 erit
316 1833 483 1913 mittentia,
511 1854 571 1898 neo
589 1833 735 1911 omnino,
766 1853 922 1917 quemnam
950 1833 1140 1898 intellexerit

131 1930 283 2013 boratius,
312 1955 460 2019 quaerere
480 1926 531 2001 bie
552 1934 672 2001 attinet.
708 1932 792 2000 Sutia
814 1946 881 2012 est,
905 1932 1062 1998 Horatium
1077 1931 1139 1998 Lo·

131 2034 223 2101 banis
244 2037 368 2103 nomine
390 2039 429 2102 ad
450 2036 589 2103 insanum
609 2036 758 2121 quendam
785 2036 950 2101 notandum
973 2039 1034 2116 nti,
1058 2035 1139 2121 qnod

132 2140 203 2203 simili
219 2141 342 2204 ntione
355 2140 492 2205 adhibuit
505 2138 642 2205 Persius.
673 2137 790 2204 Verum
813 2138 870 2205 boe
886 2138 1055 2223 ambiguum
1071 2148 1137 2202 esta

133 2241 248 2308 lebebat
261 2253 364 2306 tamen
379 2242 416 2308 de
439 2239 593 2327 Fulgentii
614 2241 672 2306 fide
694 2241 813 2305 dubium
843 2241 979 2320 moveri3
1013 2240 1091 2324 quod
1113 2240 1141 2304 si

132 2343 226 2409 iustum
242 2356 311 2423 est,
332 2345 369 2409 tle
384 2343 472 2408 Attio
488 2345 539 2409 illo
556 2344 680 2428 eiusque
695 2341 790 2409 lliatle
806 2363 930 2428 prorsus
946 2342 1020 2406 nihil
1035 2351 1139 2406 notum

133 2459 168 2512 est
184 2456 207 2510 ¹.
238 2445 387 2513 Ceterum
409 2444 574 2512 Homerica
588 2458 767 2533 argumenta
783 2456 815 2509 ut
830 2448 1004 2529 frequenter
1018 2444 1139 2508 omnino

134 2546 249 2615 llomani
271 2560 380 2634 poetae
401 2549 584 2614 carminibus
604 2557 817 2628 tractarunt2,
841 2549 884 2612 ita
904 2545 1006 2611 Persii
1021 2566 1139 2631 quoque

135 2661 254 2737 tempore
282 2651 372 2717 Nero
400 2650 523 2735 scripsit
559 2650 694 2730 Troica,
731 2649 876 2716 Lneanus
903 2647 997 2713 Iliaca
1025 2647 1136 2734 (sobal.

137 2751 203 2819 Stat.
227 2754 330 2820 Theb.
354 2749 413 2833 Ill,
429 2750 504 2820 642.
530 2751 587 2832 vl,
605 2751 680 2819 312.
705 2756 745 2818 af.
766 2749 846 2817 sua.
865 2749 943 2816 Silv.
960 2746 1003 2831 ll,
1019 2749 1053 2831 7,
1070 2748 1137 2835 54).

139 2853 309 2922 Gravissima
330 2866 431 2920 antem
452 2856 591 2938 quaestio
620 2856 718 2920 oritur
747 2856 783 2919 de
812 2855 867 2933 iis,
895 2874 971 2938 quae
999 2864 1140 2937 tanquam

140 2955 271 3024 lnenlmta
286 2955 425 3042 exempla
440 2957 538 3022 mollis
554 2968 586 3022 et
600 2959 738 3023 enervati
754 2957 897 3024 carminis
913 2957 1001 3020 affert
1016 2953 1141 3020 Persius

143 3060 177 3137 (ι.
187 3059 221 3125 bl
231 3065 326 3145 sqq).
356 3057 485 3124 Poterat
499 3061 567 3126 siue
582 3059 672 3126 nonio
688 3062 759 3125 talia
775 3061 839 3144 ipse
857 3060 1017 3143 effingere,
1034 3057 1141 3141 quibus

145 3163 208 3240 qnasi
222 3161 349 3246 quodam
366 3162 505 3247 exemplo
526 3159 600 3227 vitia
622 3173 887 3247 repraesentaret,
913 3182 1018 3225 verum
1040 3171 1141 3224 tamen

147 3280 191 3325 non
208 3276 306 3350 potest
328 3265 455 3347 negari,
479 3265 624 3329 maiorem
647 3266 706 3330 viru
728 3265 840 3329 babere
862 3263 1007 3342 satiram,
1035 3272 1067 3326 et
1089 3281 1143 3346 per

148 3381 170 3423 re
187 3367 273 3451 magis
295 3376 535 3431 consentaneum
558 3386 643 3444 essa,
668 3367 694 3430 si
714 3387 823 3432 versus
850 3377 957 3451 poetae
988 3364 1141 3429 cniusdam

147 3467 259 3534 omnibus
275 3469 340 3532 noti
355 3478 444 3552 atque
461 3469 584 3532 multum
602 3469 749 3535 celebrati
769 3468 993 3545 afferebantur,
1017 3477 1048 3531 et
1068 3467 1140 3529 effn-

169 3653 188 3703 ia
203 3655 333 3722 brigantii
352 3656 474 3707 iniuriam
491 3656 598 3719 videar,
617 3671 710 3707 vereor
729 3665 831 3721 tannen,
851 3673 881 3707 no
900 3658 963 3707 bare
981 3669 1080 3721 quoquo
1098 3670 1142 3703 no·

169 3723 215 3776 titia
232 3726 265 3777 ad
283 3725 448 3790 fulgentium
471 3725 609 3777 referenda
627 3726 680 3788 sit,
711 3734 741 3778 ut
758 3728 835 3778 etiam
854 3726 895 3776 bie
914 3724 1029 3775 fraudem
1048 3723 1141 3785 aperit,

167 3795 201 3858 qai
224 3796 250 3845 in
274 3795 379 3846 oonieia
402 3795 485 3861 poetis
508 3794 667 3862 proferendis
691 3798 754 3847 mire
779 3796 829 3847 sibi
849 3795 954 3861 placuit.
986 3791 1058 3844 Unde
1076 3791 1144 3843 illuri

167 3875 245 3914 ornan
271 3873 356 3916 ortnuu
381 3864 432 3922 ait.
456 3871 599 3915 monstrare
622 3865 734 3916 fortasse
761 3865 856 3932 poterit
880 3863 962 3914 sobal.
988 3862 1019 3911 ad
1046 3876 1071 3911 r.
1098 3860 1141 3912 33.

82 3952 85 3961 ·
166 3929 250 3984 laeam
269 3932 387 3985 Suetonii
406 3932 511 3995 (Domit.
528 3933 586 3997 ltl):
609 3932 759 3984 Occiditur
777 3933 925 3984 Heluidium
936 3930 1048 3995 filium,
1067 3930 1146 3995 quari

165 4005 259 4053 amru
277 4001 375 4053 exodio
394 4003 443 4051 rub
459 4017 576 4067 perrona
594 4001 703 4052 Paridis
720 4007 748 4053 et
765 4003 882 4054 Oenones
899 4001 1045 4051 diuortium
1064 4013 1143 4049 annm

166 4085 218 4121 eurr
235 4086 325 4121 uxore
344 4075 489 4134 ἱππικὴ·
504 4072 555 4122 bne
572 4070 700 4137 pertinere
719 4086 766 4121 noo
786 4070 941 4137 putaverim.

143 4154 149 4204 l
166 4156 212 4207 Car
229 4155 424 4209 Wrrnsdorbns
441 4155 534 4218 (Poott.
555 4154 627 4207 nata.
646 4156 707 4207 nain.
730 4164 749 4206 t.
765 4154 798 4208 tv
810 4172 832 4223 p.
849 4155 911 4217 578)
929 4155 1027 4205 Attium
1046 4153 1142 4204 Labro-

165 4240 215 4277 ιιι
231 4227 314 4277 multo
332 4226 503 4292 antiquiorem
521 4224 625 4288 Persio,
651 4225 683 4276 ab
708 4241 787 4292 eoque
813 4224 843 4275 ob
861 4230 967 4276 vetusto
985 4230 1012 4274 et
1029 4223 1144 4273 obsoleta

164 4296 282 4346 voeabula
299 4300 326 4344 et
344 4309 463 4360 asperam
480 4294 617 4345 dictionem
636 4294 818 4360 reprehensum
836 4293 981 4360 putaverit,
1002 4290 1096 4342 neseio.

139 4379 200 4431 tct.
218 4380 414 4434 Wernsdorflrs
428 4378 513 4431 Poett.
530 4363 601 4432 nni.
620 4379 682 4430 min.
702 4387 722 4430 t.
737 4378 771 4431 tv
786 4395 811 4446 p.
832 4378 881 4431 537
892 4393 946 4447 sqq.
972 4377 1093 4430 (larnano
1112 4376 1144 4426 nat

164 4449 231 4517 Aput.
247 4468 271 4520 p.
284 4452 366 4517 ttrq.
384 4446 524 4502 Mortaline
536 4450 568 4502 rat
582 4449 658 4502 ovid.
673 4448 710 4501 lb.
723 4465 748 4516 p.
762 4449 811 4504 375
821 4463 876 4517 sqq.
