2574 5054
839 336 846 350 Ι

485 754 569 817 sut.
583 754 632 829 Ill,
647 759 688 817 48
704 787 743 800 -
761 760 810 817 51.
1072 745 1133 813 153

114 924 201 986 tuto·
226 926 350 1004 pueriles
377 927 540 1004 anteponit,
576 946 691 1006 qnorum
712 923 849 1005 quaedam
879 928 1009 1006 exempla
1039 927 1132 986 allert.

113 1010 267 1072 Ludebant
278 1013 357 1091 pueri
368 1013 438 1071 talis
447 1011 560 1071 diverso
568 1011 659 1083 modo,
668 1013 706 1071 cl.
718 1010 829 1071 Becker
837 1010 908 1070 Gall.
923 1011 981 1092 llp.
998 1017 1058 1075 221
1070 1032 1132 1092 sqq.

114 1099 270 1156 Sem'oaem
296 1107 326 1156 et
344 1116 444 1168 canem
464 1099 607 1175 coniungit
633 1098 771 1157 Martialis
794 1115 904 1177 quoque
926 1097 1008 1168 XIII,
1037 1103 1073 1169 1,
1101 1101 1131 1160 6.

115 1182 242 1242 Omnium
263 1183 337 1240 enini
360 1184 481 1241 iactuum
503 1183 724 1253 infelicissimus,
741 1183 787 1240 ubi
808 1201 906 1241 omnes
939 1195 1058 1264 quatuor
1083 1183 1132 1241 tali

116 1268 242 1345 singulas
259 1264 394 1326 monadas
409 1267 597 1337 exhibebant,
625 1268 817 1347 appellabatur
838 1269 934 1338 cuasa,
956 1289 1037 1349 quem
1052 1271 1132 1327 dam·

113 1372 216 1412 aarum
228 1363 331 1412 vocant
345 1355 430 1412 etiam
445 1352 608 1431 Propertius
624 1354 663 1427 (V
673 1353 745 1433 [IV],
755 1356 846 1426 8,46)
862 1363 891 1411 ct
906 1353 1020 1413 Ovidius
1035 1352 1130 1428 (au.

114 1437 149 1508 ll,
165 1441 237 1500 208.
254 1438 341 1496 Trist.
355 1439 391 1509 11,
406 1442 494 1510 474).
539 1437 590 1497 llic
604 1440 687 1516 igitur
702 1440 840 1508 rodebat,
853 1439 1033 1500 imminuebat
1046 1458 1133 1517 pecu·

114 1524 206 1594 uiam3
233 1525 315 1582 scaio
336 1534 447 1594 autem,
474 1522 522 1581 ubi
538 1525 628 1602 quivis
643 1525 716 1583 talus
731 1543 801 1582 seua
821 1535 923 1601 puncta
950 1524 1134 1596 monstrabat,

115 1609 221 1668 dexter
237 1619 308 1679 erat,
323 1610 461 1687 propitius
476 1609 522 1682 (II,
541 1613 603 1679 11),
613 1629 734 1668 summus
744 1611 833 1667 iactus
849 1610 876 1666 in
892 1629 928 1669 eo
943 1609 998 1669 ludi
1013 1627 1133 1688 genere,

114 1713 170 1771 quo
186 1693 403 1753 numerabantur
418 1704 538 1773 puncta,
560 1692 634 1773 quod
655 1691 898 1771 πλειοτοβολίνδα
919 1694 1034 1766 παίζειν
1050 1705 1135 1753 vocat

114 1776 216 1836 Pollux
230 1778 280 1849 tx,
296 1783 347 1841 95.
372 1777 460 1837 Senio
478 1796 549 1855 ergo
567 1781 640 1856 quid
645 1777 749 1859 ferret
768 1785 811 1854 (ut
825 1779 903 1839 ferre
919 1781 1038 1851 fruetus,
1056 1781 1134 1838 frau-

114 1859 177 1920 dem
196 1882 222 1921 v.
236 1864 325 1941 intpp.
342 1863 405 1923 Liv.
422 1862 528 1934 XXIV,
542 1869 593 1936 28,
608 1868 651 1936 9),
666 1867 757 1934 scere,
773 1883 912 1923 summum
927 1866 956 1923 ιἰι
973 1875 1039 1924 voto
1055 1874 1133 1936 erut,

114 1947 180 2005 item
192 1967 281 2006 orcae
296 1958 423 2024 cameto
438 1950 513 2006 collo
527 1948 682 2026 manselli,
702 1947 775 2028 quod
790 1947 825 2007 ad
840 1949 958 2008 alterum
974 1949 1030 2009 ludi
1042 1968 1134 2028 genus

114 2032 248 2110 pertinet.
292 2031 322 2091 Id
338 2035 377 2091 ita
393 2033 518 2110 explicat
531 2033 632 2092 Pollux
644 2034 694 2103 IX,
708 2040 738 2104 7,
758 2037 835 2094 103:
862 2031 1013 2116 ‘Hrpo'au
1027 2037 1135 2094 καλου-

114 2113 187 2193 μένη
212 2111 321 2175 παιδιὰ
338 2117 468 2194 γίγνεται
489 2116 543 2193 μὲν
562 2115 604 2188 ὡς
623 2113 657 2179 τὸ
678 2111 754 2177 πολὺ
778 2112 1058 2199 da'o’aurpuyoilmo,
1082 2115 1135 2187 οὓς

115 2197 253 2278 ἀφιέντες
267 2198 458 2280 στοχάζονται
472 2197 592 2286 βόθρου
611 2197 691 2272 τινὸς
706 2201 748 2272 εἰς
760 2198 913 2280 ὑποδοχὴν
926 2204 979 2276 τῆς
995 2197 1135 2275 τοιαύτης

115 2285 233 2365 ῥίψεως
247 2284 413 2359 ἐξεπίτηδες
426 2285 626 2364 πεποιημένου
634 2333 644 2360 ,
666 2283 808 2356 πολλάκις
827 2286 860 2345 δὲ
876 2286 928 2345 καὶ
946 2283 1068 2357 claritate
1081 2284 1134 2346 καῖ

112 2366 255 2448 βαλάνοις
283 2367 348 2429 ἀντὶ
369 2373 429 2430 τῶν
451 2367 646 2455 ἀστραγάλων
670 2374 699 2432 οἱ
728 2372 898 2452 ῥιπτοῦντες
921 2370 1061 2453 ἐχρῶντο.
1093 2372 1132 2430 cf.

114 2454 210 2514 Schol.
227 2455 298 2515 Plat.
314 2454 383 2534 Lys.
400 2478 426 2535 p.
444 2461 506 2519 320
520 2457 612 2517 Belli.
630 2457 720 2521 9511.
744 2458 794 2515 llic
813 2456 912 2529 ludus,
931 2459 978 2536 qui
994 2455 1132 2536 hodieque

114 2539 186 2619 apud
199 2561 303 2618 pueros
319 2543 346 2599 in
363 2562 414 2600 usu
430 2553 492 2614 est,
517 2545 602 2603 etiam
617 2545 657 2602 ita
671 2542 879 2614 exercebatur,
895 2555 925 2602 ut
941 2563 993 2621 pro
1010 2543 1058 2602 illa
1074 2544 1133 2602 loa·

114 2626 175 2684 aula
191 2647 241 2685 vas
262 2638 466 2704 apponeretur,
487 2626 515 2686 in
543 2627 616 2708 quod
638 2629 687 2687 tali
710 2629 754 2687 vel
776 2649 864 2687 nuces
891 2630 1069 2698 iacerentur,
1093 2628 1131 2688 cf.

114 2730 227 2771 carmen
244 2710 278 2771 dc
292 2725 363 2770 nuce
381 2718 422 2774 85
443 2733 502 2792 sq:
526 2715 606 2783 „Vas
624 2734 734 2793 quoque
748 2732 835 2792 saepo
858 2731 957 2773 casum
981 2716 1073 2792 spatio
1089 2711 1132 2773 di·

115 2807 207 2856 stante
225 2798 344 2868 locatur,
367 2798 397 2857 In
411 2796 483 2877 quod
500 2801 584 2858 missa
599 2800 652 2859 levi
672 2821 727 2857 nur
742 2797 825 2857 cadat
839 2819 895 2857 una
913 2820 995 2857 mauu
1006 2808 1036 2871 3⁴⁶
1052 2801 1132 2858 cuius

115 2902 170 2962 quo
183 2885 329 2960 angustior
350 2895 413 2942 erat
433 2895 576 2961 apertura,
600 2905 635 2944 co
659 2884 765 2943 maiore
782 2883 926 2961 diligentia
942 2896 972 2944 et
985 2896 1047 2945 arto
1061 2904 1133 2964 opus

114 2969 213 3026 cratin
227 2966 365 3027 iaciendo.
411 2969 563 3047 Aptissima
578 2972 664 3044 igitur
679 2971 787 3028 locutus
804 2980 850 3027 est
865 2969 991 3028 Persius.
1040 2973 1131 3040 Orco,
1242 2990 1247 2996 ·

115 3072 165 3112 vae
181 3052 276 3125 fietile,
292 3053 444 3131 amphorae
463 3057 575 3131 specics
586 3053 662 3127 (Isid.
678 3055 756 3133 Orig.
772 3054 838 3126 XX,
855 3058 897 3127 6),
913 3067 1032 3132 angusto
1048 3055 1132 3124 collo,

114 3157 196 3216 quam
216 3138 368 3216 καυκαλίῳ
390 3140 502 3198 confert
526 3139 622 3199 Schol.
648 3140 734 3218 Cruq.
759 3139 826 3198 Ilor.
851 3150 907 3199 sat.
932 3141 967 3210 lI,
990 3145 1021 3211 4,
1038 3144 1078 3202 66
1093 3146 1131 3213 (ν.

115 3223 201 3281 Salsu.
218 3222 253 3282 ad
269 3223 363 3301 Spart.
387 3224 469 3283 Pesc.
496 3229 534 3286 10
557 3236 577 3283 1.
600 3225 656 3303 lp.
682 3228 743 3286 668
767 3245 808 3303 sq.
831 3225 916 3283 Treb.
939 3225 982 3284 ct.
1010 3230 1048 3286 14
1064 3236 1085 3284 t.
1098 3224 1132 3297 Π,

113 3329 142 3387 p·
158 3313 220 3370 262
236 3315 295 3387 sq.)
319 3308 354 3366 ad
375 3311 467 3368 varias
492 3330 539 3368 res
554 3308 715 3369 condendas
737 3321 829 3387 aptum
847 3312 895 3383 (cl.
913 3332 939 3369 v.
956 3315 1020 3383 76).
1065 3310 1133 3369 Cum

113 3393 213 3453 Pollux
229 3394 248 3453 l.
267 3395 285 3452 l.
302 3405 423 3454 testetur
450 3395 570 3454 talorum
592 3398 619 3453 in
647 3396 700 3454 hoe
716 3395 780 3454 ludo
797 3416 874 3454 usum
892 3397 999 3465 tuisse,
1022 3416 1076 3454 non
1092 3395 1134 3453 vi-

113 3477 167 3538 deo
183 3500 235 3538 cur
251 3479 394 3557 Pomponii
409 3501 525 3554 versus,
547 3483 712 3561 ceteroquin
728 3481 864 3540 obscurus
881 3481 965 3560 (apud
981 3481 1071 3541 Prisc.
1087 3480 1135 3551 Ill,

112 3585 142 3643 p.
159 3568 232 3626 615.
257 3565 370 3623 ttunck.
394 3565 429 3625 de
454 3567 529 3625 labb.
544 3566 632 3626 Aiett.
656 3588 684 3645 p.
706 3570 795 3637 161);
825 3567 969 3638 „Interim
986 3565 1048 3624 dum
1065 3586 1134 3625 con·

112 3650 234 3728 templor
249 3670 362 3721 orcam,
385 3651 496 3710 taxillus
519 3653 598 3729 [ego]
614 3651 759 3729 perdidi‚“
775 3651 828 3711 huc
844 3674 898 3710 nun
915 3653 1004 3730 possit
1019 3652 1133 3710 referri.

112 3734 239 3795 'I'ertium
263 3756 318 3793 nun
342 3746 372 3795 ut
393 3745 478 3797 autea
502 3738 637 3795 inlinitivo
659 3736 799 3814 adiungit,
821 3737 871 3797 sed
894 3739 1027 3797 orationis
1043 3738 1134 3795 forma

111 3821 234 3900 paullum
249 3822 362 3892 inflexa,
377 3842 434 3880 neu
448 3824 514 3900 quis
529 3825 666 3881 callidior
681 3823 833 3901 subiungit,
855 3843 933 3882 arv.
951 3842 1090 3882 summum
1104 3823 1134 3881 ιἰι

112 3916 178 3965 voto
193 3916 261 3964 erut
275 3917 379 3984 aptum.
427 3909 573 3966 Collidt'or
590 3918 729 3985 torquere
746 3915 784 3978 (v.
800 3909 822 3978 l,
841 3913 912 3983 118)
930 3910 1057 3977 dumata,
1075 3917 1134 3965 tur

110 3991 203 4051 hincm
219 3991 294 4050 buxo
311 3993 424 4050 lactum.
469 3992 565 4052 Turbo
581 3992 654 4051 enim
670 3991 788 4070 βέμβιξ,
815 3989 962 4076 στρόμβοις
983 4004 1038 4052 tum
1061 3991 1133 4071 apud

38 4132 44 4140 ,
112 4075 284 4136 Graecorum
314 4076 433 4151 (Gallim.
461 4079 552 4156 epigr.
583 4077 605 4149 I,
640 4083 669 4141 9.
699 4078 794 4137 Schol.
817 4079 908 4139 Arist.
931 4077 1004 4138 Ανν.
1037 4082 1130 4140 1448.

111 4162 223 4220 Aesch.
242 4162 333 4220 Proin.
356 4168 428 4225 887.
453 4163 531 4223 Suid.
556 4164 624 4222 lles.
646 4164 740 4242 [Itym.
762 4164 801 4222 Μ.
821 4170 848 4225 1.
863 4185 890 4222 ν.
906 4162 1034 4242 puppim),
1051 4183 1132 4243 quam

111 4246 298 4306 Romanorum
323 4248 416 4326 (Virg.
435 4248 509 4308 Aen.
533 4249 601 4318 VII,
623 4253 684 4310 378
701 4269 761 4328 sqq.
786 4249 849 4308 Tib.
873 4249 894 4320 l,
920 4255 949 4320 5,
966 4253 1007 4320 3.)
1030 4269 1133 4328 pucros

111 4335 230 4392 usitatus
253 4335 306 4392 luit
336 4340 434 4414 (quare
464 4335 539 4394 iuter
554 4335 659 4412 Zagrei
675 4334 828 4413 crepundia
844 4346 1016 4404 numeratur,
1033 4356 1059 4392 v.
1074 4333 1133 4392 Lo·

110 4417 342 4498 beelaalglaoph.
359 4441 387 4499 p.
407 4424 468 4483 698
484 4426 571 4501 sqq),
586 4431 617 4480 ut
631 4419 771 4501 hodieque
788 4433 843 4493 est,
859 4432 889 4481 et
902 4411 1132 4498 flagellis'agita·

309 4696 562 4728 *a*
