2574 5054
459 722 821 804 Pttonnttottstts.
1041 747 1150 792 nxxxr

134 892 181 962 sci
214 889 354 962 παίδων
387 886 534 980 decipior
568 891 825 964 ἐπιδείκνυνται
865 891 1056 985 μιμήματι
1091 897 1157 967 sol·

130 993 339 1084 πραγμάτων
360 995 419 1064 sol
439 993 569 1084 λόγων,
594 995 620 1064 οἳ
640 993 752 1083 ποίοις
771 997 886 1086 μέθης
905 997 1149 1089 ταραχωδέστε-

130 1120 185 1184 ρον
198 1095 265 1174 ecio
277 1095 394 1188 ψνχδι
408 1096 616 1186 διατίθησιν.
632 1097 766 1164 Primum
782 1100 938 1164 mimorum
954 1123 1050 1187 genna
1066 1122 1148 1181 esse,

129 1201 202 1284 qnod
217 1199 253 1264 in
267 1221 364 1266 scena
378 1200 539 1285 agebatur,
556 1212 588 1265 et
601 1201 640 1265 ad
657 1198 801 1266 Caesaris
816 1203 947 1268 manime
964 1203 1149 1291 temporibus

129 1299 243 1367 Romae
264 1301 434 1386 regnabat,
464 1303 524 1367 iam
550 1294 735 1377 ὑποθέσεις
762 1324 874 1399 nomen
901 1305 1011 1386 dccet,
1042 1306 1150 1391 qnippe

129 1426 192 1469 com
213 1417 399 1490 argumento
422 1406 540 1473 tabulas
559 1418 722 1488 sererent,
746 1417 778 1473 et
799 1427 876 1491 qnae
897 1418 1004 1490 postea
1033 1407 1147 1472 atlon

129 1519 173 1571 tor
190 1516 215 1570 ¹.
248 1505 317 1571 llos
336 1528 413 1573 vero
426 1508 459 1573 ln.
476 1509 497 1573 l.
514 1509 667 1575 mittamus
685 1518 717 1589 ²,
742 1510 779 1575 de
801 1509 900 1574 altero
923 1528 1038 1595 genere
1053 1508 1151 1592 inqui·
1237 1573 1240 1581 ,

130 1609 224 1674 situri.
252 1605 440 1692 Quamquam
456 1611 531 1677 baec
546 1612 683 1696 quaestio
699 1632 736 1677 ea
750 1611 935 1697 potissimum
949 1630 985 1675 re
999 1611 1151 1695 implicata

130 1712 286 1789 redditur,
316 1713 394 1795 quod
417 1723 542 1778 veteres
564 1714 731 1799 scriptores
757 1715 840 1778 inter
867 1723 1025 1797 utrumque
1054 1733 1150 1798 genus

131 1833 187 1877 non
211 1834 336 1898 semper
356 1825 500 1880 accurate
522 1816 730 1900 distinguunt,
754 1827 786 1881 ct
806 1815 984 1900 praesertim
1000 1837 1068 1880 cum
1084 1836 1152 1881 sce·

131 1915 225 1979 sicum
242 1913 317 1979 illud
333 1936 428 1998 genus
443 1917 534 2002 longe
549 1917 700 1983 celebrius
716 1917 824 1998 fueritq
847 1918 999 1984 accedunt
1015 1927 1151 2002 panto·

132 2018 229 2081 nimi
245 2024 259 2060 ³
279 2036 417 2100 quoque,
440 2038 531 2103 saepe
546 2041 614 2085 curn
630 2020 676 2085 bis
692 2021 859 2086 commixti.
894 2018 1035 2085 Pertinet
1049 2032 1149 2086 autern

132 2118 181 2183 loc
195 2120 358 2184 mimorum
373 2140 483 2205 genos,
493 2123 577 2187 cuius
593 2143 704 2188 nomeu
719 2124 796 2208 apud
806 2119 1150 2210 Plutarcbomrrolymc

132 2221 163 2286 dc
176 2222 248 2287 aliis
264 2242 383 2306 quoqne
398 2224 580 2289 carminibus
603 2223 634 2288 in
656 2246 712 2290 usu
734 2226 791 2291 init
804 2224 929 2289 ludicris
944 2234 977 2287 ut
992 2224 1149 2309 plurimum

130 2334 159 2387 ct
177 2323 305 2389 lascivis
328 2325 384 2405 (ci.
402 2321 577 2391 Weichert.
593 2338 690 2412 poett.
707 2326 792 2392 Latt.
814 2327 883 2391 rell.
900 2348 929 2410 p.
948 2323 989 2390 38
1004 2327 1087 2409 sq),
1111 2327 1150 2390 ad

131 2445 300 2490 scamarum
323 2427 461 2492 artificia.
498 2426 679 2493 Seurrarum
709 2430 789 2494 enim
821 2428 979 2512 multiplex
1007 2448 1105 2511 genus
1121 2434 1147 2504 ⁴,

131 2526 231 2610 quibus
260 2527 491 2594 delectabantur
516 2531 625 2597 divites
653 2532 684 2595 in
712 2530 817 2596 coenis
840 2530 1044 2615 potissimum,
1068 2531 1158 2594 inter-

131 2632 227 2695 varias
244 2640 347 2709 artes,
364 2631 471 2713 quibus
486 2632 579 2695 risum
596 2633 767 2719 captabant,
787 2633 935 2696 mimicam
952 2631 1042 2695 etiarn
1059 2649 1149 2695 exer-

133 2733 247 2796 cebant.
269 2727 366 2796 Cuius
381 2734 530 2816 originem
546 2733 699 2814 et'usurn,
716 2755 891 2819 quamquam
907 2733 1028 2797 omniuo
1043 2730 1150 2797 ltaliae

133 2845 159 2896 ot
177 2833 335 2899 Graeciae
357 2836 470 2920 populis
491 2855 618 2920 pronum
641 2836 677 2900 ad
701 2857 767 2901 earn
789 2837 943 2920 ingenium
974 2846 1041 2914 est,
1073 2837 1149 2918 apud

136 2935 250 3004 Siciliae
266 2950 300 3003 et
313 2957 441 3022 magnae
457 2936 608 3002 Graeciae
623 2937 739 3002 incolas
753 2936 938 3022 potissimum
955 2944 1148 3021 quaeremus,

136 3061 194 3104 nan
209 3039 327 3105 Dorica
343 3040 520 3123 praesertim
536 3039 626 3123 stirps
642 3039 678 3105 ad
695 3058 760 3104 earn
776 3040 942 3104 inclinabat
961 3040 1017 3122 (ci.
1032 3036 1148 3122 Bittig.

138 3162 196 3228 opp.
220 3164 251 3226 p.
277 3138 341 3206 332
355 3161 402 3225 ιι.
427 3139 545 3228 Grysar
567 3141 603 3205 dc
626 3163 703 3208 com.
726 3139 802 3206 Dor.
828 3138 842 3204 l
862 3161 892 3229 p.
911 3141 951 3207 18
962 3145 1044 3224 sqq.)
1061 3151 1150 3224 atque

141 3345 201 3398 tet.
222 3347 297 3398 Sext.
316 3344 389 3413 limp.
409 3346 468 3398 adv.
487 3347 567 3399 nott.
586 3346 596 3398 l
615 3363 640 3412 p.
657 3347 708 3402 272
725 3346 786 3397 sur.
811 3362 836 3412 p.
851 3345 1011 3398 biblioth:
1035 3341 1152 3411 Πλὰσμιι

166 3409 192 3466 dl
209 3413 267 3467 ιὀτι
282 3411 450 3483 πραγμάτων
465 3412 504 3482 μὴ
522 3416 672 3497 γενομένων
688 3414 738 3482 μὲν
757 3412 858 3481 ὁμοίως
881 3409 911 3465 δέ
928 3414 985 3469 τοῖς
1001 3415 1153 3481 γενομένοις

220 3486 328 3550 μίνοιν,
346 3480 382 3538 oie
401 3476 432 3533 αἱ
445 3488 559 3550 ιιοιμιιιοιί
576 3485 771 3536 υποθίσεισ
787 3489 832 3534 ναί
851 3477 880 3534 οἰ
893 3484 983 3550 μῖμοι.
1009 3483 1098 3548 Quint.
1117 3481 1150 3542 V,

123 3599 126 3606 .
166 3553 203 3615 lt).
223 3556 256 3606 o:
281 3551 398 3603 Fabulae
422 3552 454 3603 ιδ
480 3560 565 3604 sctum
589 3568 724 3604 scenarum
749 3553 905 3619 compositae
929 3556 1090 3618 argumento
1114 3551 1152 3601 'di-

167 3630 269 3672 contar.

143 3688 206 3742 tet.
231 3690 364 3741 becberns
389 3690 421 3740 ιδ
444 3688 549 3742 Laberii
569 3690 697 3758 prologum
716 3706 740 3757 p.
761 3690 843 3756 5sqq.
869 3687 1002 3752 Zieglarus
1021 3687 1052 3739 do
1069 3686 1153 3738 mimis

168 3757 345 3811 Romanorum.
371 3756 441 3811 Gott.
464 3757 540 3811 1788.
571 3758 658 3828 ttepto
690 3761 717 3810 in
749 3757 939 3810 Wacbsmutbii
966 3757 1098 3809 Athenaeo
1121 3754 1154 3807 lll

167 3844 188 3894 p.
210 3829 260 3881 157
274 3843 331 3894 sqq.

143 3911 201 3966 llis
220 3913 315 3965 bisol.
335 3909 437 3980 Grysar
453 3912 479 3963 in
498 3911 632 3966 Wclclori
649 3910 741 3964 libolo.
761 3909 828 3964 llus.
848 3910 870 3962 ll
889 3927 913 3977 p.
932 3911 967 3962 ί2
979 3925 1034 3975 sqq.
1151 3948 1154 3954 .

143 3999 205 4052 ίίί.
224 4000 306 4052 Solus.
327 3998 359 4048 ιδ
378 3996 492 4049 Tertull.
512 3998 544 4049 tle
562 3998 622 4064 pall.
643 4012 667 4063 p.
687 3998 737 4053 297
750 4013 805 4064 ιιι.
832 3996 864 4047 ιδ
888 3995 991 4062 Vopisc.
1011 3993 1100 4045 borel.
1120 3995 1155 4048 42

168 4085 188 4134 ι.
210 4069 313 4135 ίδδιι.
348 4065 536 4130 lobachdgl.
557 4083 582 4133 p.
604 4066 733 4150 lbllsqq.
768 4065 851 4118 Gloss.
879 4064 911 4114 ll.
930 4063 1018 4130 Stapb.
1039 4081 1063 4130 p.
1085 4063 1150 4115 tet:

167 4138 284 4202 δοιπιι,
303 4129 450 4202 εὔστομοι,
467 4131 662 4204 γελωτοποιός,
681 4130 856 4201 ευτράιιείοι,
874 4139 901 4184 ct
918 4148 1022 4184 rursus:
1041 4131 1153 4195 Scurra,

169 4200 324 4274 δραιοιήι,
342 4200 481 4269 οιιιῦπτηι,
497 4199 694 4273 γελωτοποιός,
711 4198 841 4272 -ἡδυίδγοι
851 4197 871 4267 ἢ
881 4196 1051 4270 εδτρᾶπιίοι.
1083 4198 1154 4263 Quod

169 4291 265 4328 scum
282 4273 430 4340 explicator
447 4267 604 4342 δραιιιστὴι,
628 4281 654 4324 et
680 4273 742 4323 ibid.
770 4276 932 4335 scurratur,
960 4264 1154 4337 spectavisse

108 4405 112 4416 ‚
170 4360 225 4465 sup
246 4344 366 4465 pomponi
392 4343 473 4411 possit
498 4358 555 4394 corn
580 4358 605 4393 v.
635 4336 757 4410 δρὰξων,
789 4340 819 4391 de
845 4356 895 4407 quo
912 4338 945 4391 cl.
965 4336 1075 4389 Lobeck.
1096 4335 1154 4396 Agl,
