2574 5054
468 721 833 788 monsontio.
1103 746 1161 791 nus

163 890 360 980 annu„
381 893 532 961 morum
551 904 644 960 stane
660 893 735 978 pole
752 891 787 958 in
806 913 868 958 uuo
883 891 1018 958 titubat
1030 914 1159 975 venos„

158 995 347 1081 bonpositss
368 1005 402 1061 ct
420 995 510 1062 nium‘s
529 1016 622 1082 asepe
643 996 744 1073 rudis,
768 1006 802 1062 at
821 995 956 1062 feroinus
971 1005 1004 1062 et
1018 997 1160 1080 quamuis.

152 1099 254 1181 pusilis
276 1109 380 1164 umen
400 1119 462 1163 nou
483 1097 586 1164 asilus
605 1106 638 1175 ¹,
660 1097 771 1162 mirum
789 1108 933 1181 wantum
948 1098 1040 1165 distet
1053 1121 1154 1166 ιιιι-

149 1221 222 1265 soso
242 1198 364 1280 Persii,
386 1202 438 1286 qui
464 1220 539 1267 raro
566 1220 604 1265 ac
630 1200 719 1265 tude
746 1200 890 1285 scripsit,
913 1211 1003 1285 atque
1031 1202 1158 1268 insolitu·

146 1316 257 1390 optans
279 1303 489 1369 enixissimis
513 1301 760 1369 translationibus
784 1303 914 1388 gaudet,
939 1314 971 1368 et
992 1303 1154 1391 lumlloe·

143 1408 177 1472 ris
190 1427 260 1473 esse
275 1405 399 1471 laborat
411 1415 501 1488 aque
515 1404 627 1482 fortia,
639 1404 763 1469 modum
772 1404 928 1470 excedms
942 1404 1091 1472 obscurus
1105 1407 1150 1472 lit.

211 1505 341 1574 Cestius
359 1507 399 1573 le
423 1505 590 1572 Horatio
610 1503 751 1571 iudicium
774 1507 855 1571 lerrc
877 1527 1056 1592 possumus,
1080 1508 1153 1573 etsi

138 1612 246 1694 ιιιιιΙι
269 1629 346 1676 vere
367 1608 427 1674 dici
441 1619 544 1694 potest
564 1607 747 1693 scriptorem·
765 1609 895 1692 aliquem
910 1610 1039 1675 alterum
1053 1609 1153 1676 imitu-

136 1724 187 1778 ιιι
209 1734 304 1790 esse,
326 1711 411 1776 valet
429 1711 461 1776 id
480 1711 519 1776 lc
540 1708 649 1779 Persio
669 1722 759 1794 atque
781 1709 921 1776 Horatio.
952 1710 1074 1777 Doccnt
1095 1710 1152 1776 hoc

134 1817 175 1881 rel
195 1836 258 1894 ea,
288 1832 366 1899 guae
396 1809 597 1879 &omnum
623 1812 655 1877 io
684 1810 834 1878 Porsinna
865 1813 986 1880 Horatii
1007 1814 1152 1879 imatione

131 1917 308 2004 conposuit.
340 1913 434 1996 Seio,
457 1936 534 2000 qaae
555 1925 663 1982 nemun
686 1935 752 1980 corn
773 1915 971 2002 disputaverit
985 1913 1154 1981 Passovius

131 2023 171 2104 (p.
192 2016 255 2086 108
269 2022 372 2103 sqq),
396 2035 484 2102 quem
508 2018 633 2104 egregie
655 2018 808 2083 monuerit
827 2018 864 2083 tle
886 2019 1044 2096 contione,
1073 2039 1151 2102 quae

129 2121 299 2186 adhibenda
321 2131 422 2197 osset,
454 2138 493 2184 se
519 2121 621 2186 statim
646 2117 697 2184 rel
715 2121 747 2184 in
768 2120 931 2186 levissimis
954 2120 1151 2185 imitationem

129 2244 328 2307 queamus,
350 2233 383 2288 et
404 2221 548 2287 ridentur
568 2222 662 2286 multa
686 2219 903 2287 aCssoubono
918 2222 950 2285 in
972 2244 1041 2288 cum
1060 2224 1151 2289 finem

129 2328 221 2410 mgis
236 2326 367 2402 collata,
384 2334 418 2388 ut
429 2321 531 2389 Persii
545 2325 642 2390 verba
656 2346 697 2390 cx
713 2321 840 2388 Horatio
857 2324 1094 2408 explicarentur,
1107 2359 1151 2374 -

130 2450 231 2493 rerum
248 2439 352 2492 tamen
367 2425 450 2491 nullo
466 2427 555 2491 modo
572 2427 679 2512 negari
694 2437 806 2511 potest,
822 2423 962 2491 Persium
977 2447 1149 2492 sermonem

129 2531 258 2594 suumin
274 2528 454 2612 singulisod
476 2526 596 2594 Horatii
615 2529 786 2614 exemplum
809 2529 1018 2596 conformasse
1029 2576 1039 2610 ,
1061 2531 1151 2614 idque

130 2651 187 2693 ron
209 2631 363 2709 inscium,
385 2632 439 2697 sed
461 2633 615 2697 volentem
636 2632 761 2696 iecisse.
795 2629 844 2693 Eo
860 2651 921 2694 non
937 2641 1053 2697 tuntum
1068 2635 1152 2700 relc-

130 2733 274 2809 reudum,
299 2733 379 2817 quod
393 2733 516 2798 nomina
530 2732 685 2812 adhibuit,
709 2732 814 2815 quibus
834 2731 981 2799 Horatius
995 2757 1067 2800 usus
1084 2746 1152 2801 erat

130 2835 162 2897 ad
183 2846 288 2899 certas
308 2837 452 2918 quonlam
474 2856 623 2920 personas
644 2835 878 2920 signiticanlas,
901 2837 980 2920 quod
1004 2838 1151 2921 quaedam

131 2935 162 2998 al»
184 2936 317 3001 Horatio
338 2936 416 3003 bene
439 2949 472 3002 et
491 2937 614 3021 egregie
638 2937 716 3001 cion
740 2938 918 3024 simpliciter
937 2940 970 3003 iu
983 2961 1050 3005 rem
1064 2961 1152 3006 sunm

132 3039 240 3117 vertit,
264 3061 335 3103 nam
357 3051 515 3125 utrumque
537 3040 603 3104 iure
624 3058 680 3103 sno
703 3040 805 3103 fucere
828 3040 924 3125 potuit
948 3042 1009 3119 ita,
1032 3053 1066 3107 ιιι
1081 3064 1151 3129 pro-

132 3143 221 3222 prium
237 3143 395 3226 ingenium
410 3163 471 3206 uon
488 3153 707 3226 corrumperet.
741 3137 857 3206 Verum
871 3143 950 3206 eninr
967 3163 1040 3208 vero
1056 3143 1083 3209 si
1098 3165 1151 3209 ac·

131 3245 261 3307 curatius
284 3245 445 3323 attendas,
475 3247 517 3310 ita
545 3266 608 3310 rem
633 3236 836 3330 compositam
864 3265 934 3310 esse
957 3244 1093 3322 videbis,
1118 3257 1151 3310 ut

132 3341 275 3422 l’ersioa,
298 3367 365 3410 cour
393 3347 544 3412 aerumnis
572 3346 720 3429 originem
749 3347 787 3410 ab
816 3344 984 3411 Horatiano
1012 3349 1147 3426 duceret,

132 3447 166 3510 ita
189 3450 221 3511 in
244 3449 374 3533 singulis
394 3459 544 3525 mutaret,
569 3459 602 3512 ut
622 3448 701 3532 quod
724 3446 867 3530 Horatius
888 3461 977 3514 acute
994 3461 1025 3513 et
1040 3449 1150 3514 festivo

133 3550 274 3627 dixisset,
298 3551 330 3615 id
350 3553 468 3617 acutius
492 3553 582 3617 ctiam
608 3551 806 3634 festiviusqnc
830 3550 888 3615 dici
910 3572 999 3634 posse
1015 3562 1149 3636 putaret.

133 3646 171 3715 lta
184 3654 298 3717 lactum
316 3665 382 3732 cst,
406 3666 440 3719 ut
460 3675 526 3718 cnm
550 3672 672 3736 semper
691 3664 852 3717 nuanerent
864 3652 994 3737 vestigia
1010 3651 1150 3718 Horatia·

134 3774 183 3831 us,
198 3766 304 3820 tamen
319 3776 444 3840 prorsus
460 3755 558 3822 deleta
572 3757 613 3820 sit
628 3755 724 3820 incilia
740 3754 791 3820 illa
805 3766 895 3839 atque
912 3754 1022 3819 decora
1038 3756 1148 3839 gratio,

137 3941 291 3994 {Gracilem
316 3951 409 3994 vocant
431 3941 560 3995 Lucilium
583 3941 668 3993 Varro
692 3943 757 4009 apud
784 3942 850 3994 Gall.
871 3939 929 4005 VH,
950 3942 991 4004 ll,
1011 3947 1038 3993 ct
1055 3940 1150 3994 Fronto

160 4013 225 4080 (epp.
247 4012 280 4063 acl
298 4008 359 4062 Ver.
375 4010 385 4061 l
399 4027 422 4078 p.
436 4009 466 4064 tt
482 4012 523 4062 ed.
538 4011 639 4074 lton),
659 4012 701 4077 qui
721 4010 897 4062 Albucium
915 4010 1017 4061 aridum
1036 4013 1150 4063 nominat

162 4090 275 4145 poetam
302 4081 430 4143 eunden,
456 4088 486 4131 ut
503 4080 625 4142 videtur,
651 4076 726 4130 cuitus
744 4078 827 4131 Varro
847 4079 937 4130 luudat
954 4079 1056 4130 libellos
1073 4079 1151 4131 Luci·

164 4150 229 4200 lieno
247 4150 400 4200 charactere
417 4150 529 4215 scriptos
551 4149 592 4212 (ll.
613 4149 641 4202 H.
661 4148 705 4208 ΙΙΙ,
723 4151 751 4212 2,
773 4148 824 4212 ll).
849 4149 921 4213 Quod
941 4148 1006 4200 idern
1024 4148 1076 4198 elio
1095 4149 1150 4199 loco

163 4219 226 4285 (epp.
252 4217 285 4268 ecl
309 4216 343 4268 H.
371 4218 445 4269 Caes.
472 4217 516 4276 lV,
536 4218 563 4283 3)
582 4218 659 4269 dicit:
693 4216 902 4269 Anirnodoer·tus
918 4243 953 4253 -
970 4215 1105 4268 Lucilium
1123 4219 1150 4266 ιἰι

165 4291 288 4352 comaque
300 4290 372 4336 oren
384 4303 417 4337 ac
428 4291 533 4353 negotii
541 4290 662 4353 propriis
674 4286 845 4354 (elggnntcm)
852 4320 862 4346 ,
881 4287 905 4336 in
924 4301 954 4335 co
973 4293 1056 4352 potest
1073 4299 1150 4350 quse·

165 4356 216 4406 de·
248 4373 307 4406 eun
339 4356 426 4408 Persio
457 4357 600 4408 similitnrlo
631 4356 817 4418 errimudverti,
847 4357 878 4406 cle
902 4371 951 4421 qne
974 4355 1041 4406 iulus
1064 4355 1150 4420 aptius

167 4425 316 4476 monebitur.
