2574 5054
344 781 381 845 A.
403 782 528 846 PllllSll
547 782 684 845 abaco
703 782 806 845 Vl'l'd.
1020 779 1085 847 241

65 964 97 1016 st
115 973 178 1015 cuna
199 957 347 1035 coepisset
369 955 497 1016 seribere
518 965 664 1033 suamque
687 973 746 1014 rem
761 954 918 1024 incohavit,
940 950 1032 1014 donee
1047 974 1086 1015 ox

65 1041 229 1118 suipsius
252 1042 336 1100 animi
357 1040 543 1100 mutabilitate
564 1041 691 1099 scribere
718 1040 870 1099 inchoavit.
906 1039 970 1099 llnit
990 1050 1085 1100 antean

64 1126 187 1186 seiratus
204 1129 253 1199 (l)
268 1146 376 1204 genere
400 1136 516 1196 tuscus,
538 1122 691 1202 discipulus
714 1124 797 1185 ansi
819 1124 997 1204 phylosophi.
1024 1124 1084 1186 llos
1170 1164 1173 1169 -

63 1229 135 1271 vera
161 1212 267 1270 initiata
297 1213 428 1270 carminis
458 1221 507 1271 est
534 1211 693 1290 praelatio,
723 1212 860 1288 tragicum
884 1231 900 1269 a
924 1209 1084 1272 delectione

63 1294 205 1356 scandere
222 1299 270 1368 (l)
287 1297 435 1375 incipiens.
472 1294 502 1355 ln
531 1294 584 1354 hae
607 1307 699 1355 autem
724 1296 902 1373 praefatione
925 1297 1085 1374 apologiam

63 1378 93 1449 id
108 1392 155 1442 est
169 1383 381 1442 excusationem
398 1382 468 1440 iacit
482 1390 512 1440 et
527 1391 647 1440 excusat
661 1400 694 1440 se
709 1379 926 1460 quodammodo,
947 1402 1003 1441 nou
1019 1381 1085 1441 ideo

64 1464 750 1631 tilliatillutttt'llas{llll
765 1466 999 1612 {tilieti
1015 1487 1085 1613 ‘lt

136 1595 146 1623 9
937 1595 946 1623 1

63 1636 195 1696 salarium
211 1647 407 1708 mererentur3
428 1637 561 1698 salarium
575 1646 623 1696 est
636 1635 798 1715 praebenda
815 1639 895 1696 unius
910 1635 976 1697 diei.
1007 1636 1085 1699 Unde

63 1720 206 1793 ostendit,
226 1741 257 1782 se
280 1733 408 1782 coactura
429 1731 461 1782 ut
479 1722 628 1781 scriberet.
654 1720 731 1781 Unde
746 1742 801 1780 nou
817 1733 929 1801 poetam
945 1741 978 1783 se
993 1721 1085 1783 videri

63 1806 124 1865 vult
145 1806 192 1866 vel
213 1809 310 1867 vocari
332 1818 362 1866 et
385 1826 438 1886 per
459 1826 538 1866 snam
559 1826 709 1887 personam
735 1808 796 1867 vult
823 1808 940 1888 intelligi
967 1808 1085 1868 aliorum

64 1910 219 1971 personas,
242 1893 289 1972 qui
305 1892 340 1951 ob
357 1894 458 1951 lamam
474 1892 646 1952 scribebant.

152 1975 264 2037 Satirae
276 1983 288 2017 ¹
302 1980 443 2056 proprioru
459 1987 522 2049 est,
544 1988 575 2037 nt
588 1997 658 2037 vcra
673 1976 816 2037 humiliter
830 1975 922 2049 dicat,
945 1987 976 2038 et
990 1979 1084 2037 omnia
1218 2042 1232 2061 -.

65 2080 128 2120 eum
144 2081 231 2122 sanna
248 2063 352 2136 iaciat,
375 2084 455 2143 quam
473 2061 595 2123 Sisenna
612 2063 769 2142 protulerat
783 2074 878 2141 pocta.
901 2063 970 2123 ltorn
986 2073 1085 2142 satyra
1147 2053 1196 2127 'J

65 2144 184 2219 dicitur,
205 2168 278 2227 quae
299 2150 385 2208 variis
406 2150 493 2208 rebus
515 2151 684 2207 continetur.
713 2146 817 2227 Satyrs
840 2150 907 2208 item
922 2148 1023 2208 dicitur
1038 2150 1086 2208 lex
1188 2153 1197 2177 ’

65 2231 139 2310 apud
165 2231 307 2293 Romanos
331 2235 403 2306 lata,
423 2252 496 2312 quse
520 2234 622 2294 incutis
644 2233 739 2293 verbis
761 2234 840 2292 lallat
861 2231 1026 2305 audientes,
1055 2245 1086 2293 ut

65 2314 141 2376 aliud
156 2316 249 2390 dicat,
265 2317 339 2378 aliud
355 2339 424 2379 voro
440 2319 617 2397 (ιῐιςιιίῐὶαιῑ.2
645 2319 674 2379 lu
690 2319 744 2378 bac
760 2319 938 2397 praelatione
953 2317 1037 2389 dicit,
1053 2338 1085 2379 se

65 2422 121 2462 nou
144 2414 257 2482 poetam
273 2424 357 2474 csse,
381 2401 432 2464 sed
455 2405 654 2482 semipoetam,
678 2414 709 2463 et
730 2403 797 2464 dicit
819 2423 851 2464 se
868 2406 942 2464 lame
958 2416 1085 2464 coactum

65 2489 140 2548 sicut
155 2499 185 2548 et
199 2501 314 2550 ceteros
329 2488 365 2548 ad
381 2488 559 2549 scribendum
575 2492 702 2568 aspirare
719 2500 866 2560 conatum,
883 2488 955 2569 quod
971 2510 1033 2549 cura
1049 2489 1085 2550 de

66 2592 98 2634 se
121 2572 209 2646 dicit,
229 2596 283 2633 nou
306 2573 435 2646 dubium,
457 2577 524 2653 quin
546 2573 581 2634 dc
605 2575 732 2633 omuibus
753 2574 839 2633 dicat.
868 2578 974 2635 Satrra
994 2594 1085 2652 genus

66 2669 113 2718 est
127 2659 285 2718 clarm'vcl
300 2659 390 2719 lancis
411 2662 505 2719 multis
528 2679 562 2719 ae
583 2662 669 2718 variis
691 2661 800 2738 frugum
822 2661 976 2738 generibus
992 2661 1086 2739 plena.

66 2743 187 2802 Clarnus
203 2756 297 2823 potest
312 2745 449 2825 appellari
464 2743 560 2804 discus
575 2745 620 2804 vel
635 2764 742 2816 mensu,
766 2765 837 2824 quac
854 2747 962 2805 referta
978 2746 1087 2805 sacrib-

66 2830 118 2887 ciis
142 2828 247 2889 Veneri
271 2833 417 2889 cousuevit
439 2831 545 2890 ollerri.
575 2829 658 2889 Dicta
679 2841 771 2890 satam
796 2833 883 2890 satira
905 2834 1085 2892 asnturitato

66 2925 97 2973 et
112 2913 185 2993 quod
202 2916 283 2993 plena
300 2916 337 2974 sit
352 2917 486 2975 conviciis
502 2925 533 2975 et
547 2915 817 2993 reprehensionibus
833 2916 983 2976 bominum.

154 2997 228 3058 llic³
242 3012 337 3060 tannen
360 2999 482 3060 fabula·
504 3002 602 3078 tangit.
634 3002 768 3062 Phorcus
790 3021 843 3060 rex
857 3000 894 3060 lll
909 3002 980 3060 filias
996 3002 1088 3061 lenos

66 3081 202 3143 habuisse
226 3083 392 3164 Gorgones,
420 3087 561 3156 Stenar'o,
589 3087 742 3162 Euryale,
771 3088 910 3146 Medusa.
951 3085 1088 3146 Dicuntur

70 3170 237 3247 Gorgones,
254 3172 334 3250 quasi
348 3190 481 3248 georgae
496 3172 514 3228 i.
527 3190 552 3230 e.
569 3179 665 3229 terrae
681 3171 826 3229 cultrices.
853 3173 893 3229 Ge
909 3173 982 3231 euim
998 3183 1087 3244 terra,

65 3256 154 3331 orgia
170 3254 289 3314 cultura.
309 3254 368 3315 Sed
383 3265 493 3314 mortuo
508 3265 589 3333 patre
605 3257 746 3313 suecessit
761 3258 787 3314 ei
802 3257 928 3315 Medusa
944 3258 971 3315 in
986 3276 1087 3336 regno,

66 3358 147 3418 φιιιιι
171 3341 276 3398 auxilio
298 3341 445 3401 Minervae
468 3340 613 3399 interiecit
636 3339 779 3411 Perseus,
802 3360 855 3399 rex
876 3342 983 3412 Asiae,
1007 3354 1036 3402 et
1052 3341 1088 3402 de

65 3425 204 3503 sanguine
228 3427 289 3485 eius
313 3444 449 3503 egressus
472 3435 518 3485 est
531 3428 664 3503 Pegasus
679 3446 786 3505 equus,
809 3428 856 3505 qui
872 3425 945 3506 pede
962 3447 1013 3487 suo
1029 3439 1088 3487 ter·

65 3529 126 3569 rann
148 3513 312 3588 percutiens
328 3510 461 3590 produxit
476 3511 581 3570 iontem
597 3513 707 3570 nornine
723 3513 888 3590 Pegasum,
905 3513 979 3571 sicut
994 3512 1088 3572 labala

66 3592 178 3654 Graeca
194 3596 289 3667 linxit,
306 3598 352 3676 qni
368 3596 433 3655 loos
449 3593 558 3655 dicatus
574 3607 620 3655 est
635 3596 727 3675 poetis
743 3608 773 3654 et
787 3597 893 3668 blusis,
916 3596 990 3657 unde
1010 3597 1089 3657 blar-

67 3681 206 3739 ciauus⁴t
242 3683 285 3740 Et
300 3679 376 3758 snas
409 3684 559 3759 Gorgonei
586 3682 658 3741 talia
683 3683 802 3741 caballi.
837 3682 896 3741 lloc
920 3683 1088 3755 fabulosum,

65 3766 172 3824 varius
189 3776 282 3825 tamen
298 3765 384 3827 babet
399 3766 470 3837 boo,
487 3777 516 3825 et
531 3777 577 3825 est
591 3765 793 3846 inquirendum.
834 3770 951 3845 Gorgo,
972 3778 1086 3843 terror3

65 3851 209 3923 Stennrb,
247 3850 395 3925 debilitss;
437 3852 590 3929 Euryale,
628 3854 684 3912 lata
713 3850 908 3930 prolanditas3
947 3854 1087 3927 Medusa,

66 4051 79 4104 1
100 4049 169 4102 llaec
193 4052 293 4118 plenius
319 4054 468 4106 exstantia
494 4053 568 4105 codd.
593 4052 759 4121 quibasdam,
785 4062 815 4106 nt
831 4055 890 4106 Par.
906 4055 931 4116 1,
951 4058 1007 4109 cod.
1023 4057 1087 4110 bibl.

100 4118 321 4173 Dsrmstadieasis
334 4122 373 4187 (u.
389 4123 438 4175 199
447 4123 525 4173 catal.
537 4123 696 4174 llartaheim.
707 4140 732 4191 p.
750 4125 819 4190 150),
838 4125 870 4176 ds
882 4141 966 4192 quor.
981 4125 1087 4180 Weber.

101 4189 165 4239 diss.
184 4190 214 4240 da
225 4191 307 4258 intpp.
321 4190 419 4242 Lucani
433 4189 547 4254 XXXV,
568 4190 623 4242 Eri.

66 4256 84 4310 2
103 4256 240 4323 Sequentia
260 4259 356 4312 bahent
375 4267 472 4312 tautam
491 4258 510 4309 P
528 4261 552 4311 1.
572 4259 627 4311 Eri.

67 4324 177 4391 dseqq.
204 4334 308 4379 exstuat
334 4329 360 4380 in
385 4328 447 4382 Pl.
474 4327 587 4380 llarmst.
619 4329 756 4380 Pertineut
777 4329 810 4380 sd
833 4331 898 4396 prol.
919 4332 945 4383 1.
965 4339 991 4383 st
1025 4333 1089 4384 etita

102 4402 164 4444 suut
182 4411 196 4444 c
215 4394 336 4461 Fulgeut.
356 4397 376 4460 l,
395 4399 438 4452 26.
477 4397 518 4450 Ci.
538 4397 620 4468 ltptb.
640 4398 702 4450 vat.
722 4397 742 4460 l,
764 4399 822 4452 13⁰.
849 4398 881 4465 ll,
902 4400 991 4458 1121
1016 4438 1024 4466 ,
1046 4402 1107 4455 ld?

67 4463 85 4513 4
102 4461 183 4514 blare.
204 4462 266 4533 Cap.
287 4464 309 4518 ll
328 4483 353 4535 p.
371 4467 406 4524 29
425 4464 473 4519 Gr.

110 4552 229 4596 censius.
841 4539 882 4601 ld

953 4680 1118 4760 Α
