2574 5054
408 774 863 849 subintrassemus.
1072 769 1134 839 tas
1199 851 1201 856 ,

118 947 303 1024 perspicitur,
324 943 529 1006 demonstrant.
581 944 662 1018 Quod
686 948 793 1025 siquis
816 945 852 1006 do
875 943 1018 1006 cuiusdam
1040 944 1134 1006 divitis

117 1028 242 1109 praediis
256 1041 389 1109 quaerat,
409 1031 474 1103 illo,
495 1050 578 1111 quem
592 1033 795 1108 interrogabit,
810 1031 878 1091 nibil
893 1032 1033 1110 antiquius
1047 1030 1136 1092 babe-

117 1115 168 1186 bit,
191 1135 271 1194 quam
287 1127 318 1175 ut
331 1115 367 1176 de
382 1119 463 1176 istim
479 1117 597 1176 avamtia
613 1114 727 1175 sordida
749 1118 878 1197 tristique
897 1114 1010 1176 vivendi
1024 1119 1135 1177 ratione

118 1200 205 1261 multa
227 1211 326 1260 narret
348 1207 387 1275 (r.
409 1205 580 1275 25—32);
604 1212 702 1261 contra
724 1221 784 1261 cum
800 1204 862 1280 ipsc
877 1202 953 1262 laute
969 1212 999 1261 et
1014 1200 1135 1262 delicate

118 1287 208 1356 uvat,
245 1286 292 1344 alii
329 1285 365 1345 de
394 1288 456 1346 eius
491 1287 588 1346 infami
618 1287 732 1346 mollitie
768 1286 951 1347 acerbissime
981 1298 1136 1367 queruntur

118 1376 158 1442 (v.
175 1374 324 1444 ‘aa-tt).
340 1370 412 1430 Nam
427 1374 447 1430 ii
462 1381 527 1431 sunt
541 1371 679 1430 bominum
695 1391 798 1444 mores,
813 1392 867 1432 nec
879 1372 962 1432 aliter
976 1374 1032 1434 viri
1049 1391 1135 1450 posse

118 1455 253 1527 credunt3
276 1453 339 1515 dum
355 1456 426 1516 alios
441 1458 610 1536 vituperant,
636 1476 667 1516 se
684 1459 759 1536 ipsos
775 1458 913 1535 praebent
927 1454 1135 1536 vituperandos,

119 1551 150 1600 et
165 1541 272 1600 frustra
286 1544 355 1600 vitia
375 1561 428 1601 sua
443 1541 611 1601 dissimulari
633 1561 718 1620 posse
733 1554 865 1620 sperant,
881 1553 911 1601 nt
925 1541 1073 1621 gladiator,
1089 1543 1136 1623 qui

118 1625 217 1686 vulnus
232 1623 396 1686 adversario
418 1648 474 1686 nun
496 1629 673 1687 observatum
696 1625 841 1706 splendido
856 1627 952 1687 balteo
973 1628 1062 1699 texit,
1085 1646 1135 1686 ne-

119 1713 265 1791 quicquam
285 1723 379 1772 tamen
401 1724 527 1771 naturam
549 1731 583 1772 se
605 1712 704 1771 fallere
721 1733 807 1790 posse
829 1723 925 1791 putat,
955 1727 985 1772 ut
1006 1711 1135 1772 bomines

120 1805 159 1870 (v.
174 1801 324 1869 42-46).
369 1795 442 1855 Nam
457 1798 596 1856 bominum
617 1796 744 1857 laudibus
760 1796 795 1856 de
811 1808 840 1857 te
855 1796 931 1856 nulla
947 1796 1017 1857 iides
1032 1808 1094 1857 est:
1110 1799 1135 1856 si

61 1892 66 1903 ·
119 1883 214 1960 pravis
229 1881 426 1961 cupiditatibus
442 1883 579 1941 obnoxius
595 1901 638 1953 as,
653 1888 677 1941 si
693 1883 762 1942 lucri
776 1902 842 1962 spes
857 1882 902 1941 sei
917 1881 1002 1941 libido
1017 1883 1135 1941 animum

119 1978 223 2036 movet,
238 1969 263 2026 si
279 1968 404 2044 litigator
419 1987 462 2038 cs,
478 1969 584 2026 frustra
599 1968 634 2026 ab
650 1968 712 2026 aliis
727 1979 756 2027 te
773 1967 879 2026 laudari
894 1968 1023 2027 iactabis.
1063 1967 1092 2026 lu
1106 1979 1135 2027 te

119 2050 756 2130 ipsumdescende,neglectoaliorumiudicio,
771 2052 1136 2133 etvidebisquotctqusnta

119 2139 203 2196 animi
217 2139 284 2196 vitis
299 2138 348 2196 tibi
370 2135 530 2216 superanda
552 2139 609 2195 sint
624 2142 662 2209 (v.
679 2140 768 2197 46-
779 2142 842 2204 52).
886 2135 981 2215 Atque
997 2135 1068 2195 baec
1085 2158 1136 2215 po·

120 2230 225 2279 strema
239 2222 279 2278 ita
294 2231 457 2298 comparata
472 2229 546 2288 sunt,
563 2231 593 2278 ut
606 2239 704 2278 rursus
720 2219 755 2276 ad
763 2218 939 2279 Alcibiadem
954 2219 1029 2279 dicta
1046 2216 1136 2279 videri

119 2305 228 2381 possint
243 2315 273 2362 et
286 2306 369 2362 finem
385 2305 491 2363 satirae
506 2303 643 2382 principio
660 2304 844 2380 coniungere.

203 2387 335 2447 Ceterum
351 2384 578 2459 memorandum,
608 2390 694 2447 etiam
710 2388 781 2446 alios
806 2385 988 2465 pbilosopbos
1007 2385 1136 2463 dialogos

119 2473 288 2551 scripsisse,
318 2475 345 2531 in
375 2474 474 2553 quibus
497 2472 634 2532 Socrates
657 2493 719 2532 cum
747 2470 894 2531 Alcibiade
924 2471 1137 2550 colloquebatur

120 2555 261 2658 (brandis,
277 2557 352 2619 blus.
371 2558 460 2617 llbcn.
481 2558 537 2637 lp.
557 2562 616 2620 120
631 2565 698 2638 sq)
722 2559 760 2616 ita
777 2568 808 2616 ut
822 2557 889 2615 talin
904 2558 932 2614 iu
948 2557 1054 2615 scholis
1070 2574 1136 2615 sae

119 2645 182 2724 pins
197 2653 321 2702 tractata
336 2664 403 2703 esse
418 2641 577 2702 videantur.

205 2728 286 2801 Quod
303 2727 419 2807 primus,
437 2739 467 2787 ut
483 2727 603 2798 videtur,
620 2727 797 2787 Britannicus
813 2726 969 2796 annotavit,
991 2722 1067 2802 tangi
1083 2724 1136 2783 bae

119 2815 207 2872 satira
220 2813 375 2884 Neronem,
391 2834 426 2873 ea
442 2815 583 2872 sententia
604 2813 705 2872 multos
726 2824 860 2891 patronos
882 2823 964 2869 nacta
981 2821 1034 2880 cst,
1051 2811 1076 2867 in
1093 2808 1137 2868 bis

119 2899 325 2970 Gasaubouum,
341 2899 506 2970 Marcilium,
523 2897 653 2960 Selisium
671 2896 752 2970 (diss.
769 2917 818 2956 sur
831 2896 930 2955 Perse.
943 2895 1020 2953 Paris
1033 2898 1136 2965 1783),

118 2994 149 3044 et
162 2986 315 3043 novissime
330 2985 513 3054 bleisterum,
534 2986 579 3062 qui
602 2982 710 3041 duobus
734 2984 847 3059 scriptis
871 2981 1087 3050 (commentatio
1108 2980 1137 3037 iu

118 3069 154 3127 A.
171 3068 204 3127 Ρ.
220 3069 264 3128 Fl.
283 3081 336 3127 sat.
353 3069 401 3129 lv.
418 3069 496 3128 Trai.
513 3068 549 3127 ad
565 3069 603 3126 V.
624 3073 715 3131 1807.
739 3067 842 3125 Letzto
859 3064 977 3124 Studien
993 3064 1040 3123 ab.
1059 3063 1096 3123 A.
1104 3064 1136 3123 Ρ.

119 3155 161 3213 b't.
176 3153 257 3233 Lips.
279 3159 359 3216 1812
375 3175 402 3233 p.
417 3160 459 3216 14
475 3159 553 3233 sqq.)
570 3155 698 3212 acumine
714 3162 743 3210 et
758 3150 886 3210 doctrina
897 3149 933 3209 ad
948 3170 1008 3209 eaur
1025 3159 1137 3208 susten·

119 3237 232 3298 tundam
248 3241 366 3299 mirilico
388 3241 492 3298 abusus
513 3250 567 3297 est.
597 3237 784 3297 lleccntiores
806 3237 932 3315 plerique
954 3255 1051 3294 omnes
1075 3254 1137 3292 eam

118 3325 320 3402 improbarunt,
331 3325 499 3404 explicatius
515 3323 665 3383 Scbiitzius
675 3331 753 3401 (opp.
772 3342 800 3400 p.
812 3325 874 3384 325
890 3326 963 3400 sqq.)
981 3331 1011 3378 et
1027 3317 1137 3378 Webe-

120 3430 169 3468 rus
184 3412 211 3469 iu
228 3420 335 3469 annott.

203 3601 231 3638 v.
250 3584 362 3641 1-22.
386 3579 422 3637 Ut
437 3581 462 3637 in
479 3577 592 3656 dialogo
610 3578 772 3648 Platonico,
787 3579 833 3656 qui
849 3573 1013 3634 Alcibiades
1030 3576 1136 3650 priotus

118 3667 270 3743 inscriptus
287 3676 341 3734 est,
354 3667 531 3742 quemprima
547 3664 627 3721 buius
636 3666 743 3720 satirae
760 3659 1075 3740 pars,quodantealios
1086 3660 1137 3718 ob·

119 3752 244 3809 servavit
266 3749 418 3807 l‘olitiauus
435 3749 556 3821 (misci,
572 3754 622 3820 1),
644 3751 777 3818 inritatur,
801 3746 939 3805 Socrates
962 3744 1137 3804 Alcibiadem

118 3832 431 3915 aggrediousjliugitur,
456 3855 521 3892 mox
536 3834 734 3912 rempublicam
757 3833 976 3910 capessiturum,
998 3840 1027 3888 ut
1043 3831 1069 3888 ci
1086 3829 1136 3889 de·

120 3931 271 3990 monstret,
288 3941 368 3999 quma
383 3940 480 3998 parum
495 3939 553 3989 res,
569 3918 604 3978 de
620 3920 718 3998 quibus
735 3929 847 3976 acturus
864 3919 916 3985 sit,
939 3937 1020 3995 quam
1043 3935 1140 3992 parum

120 4026 153 4063 sc
169 4007 257 4082 ipsum
274 4007 393 4075 noverit,
409 4006 447 4062 ita
456 4003 571 4064 Persius
588 4003 735 4062 Socratem
751 4024 812 4062 cum
828 4001 976 4060 Alcibiade
992 4000 1026 4058 do
1042 3999 1140 4058 iisdem

120 4092 189 4149 iacit
203 4090 419 4169 colloquentem,
435 4088 509 4148 sed
503 4088 869 4166 atautsingulaPersianum
885 4087 986 4166 stylum
1003 4087 1140 4145 referant.

120 4177 334 4253 ltcarpopulri.
351 4197 379 4234 e.
397 4176 611 4253 rempublicam
639 4176 711 4246 (Cic.
734 4194 793 4253 rep
818 4172 977 4244 1,25,40)
1003 4177 1141 4230 tructus?

121 4261 162 4320 lta
177 4259 250 4339 apud
267 4260 411 4319 Platonem
434 4260 509 4333 (Alc
526 4261 579 4338 lp.
598 4265 658 4322 106
674 4259 726 4341 C.)
747 4259 897 4317 Socrates:
936 4253 1062 4317 Διανοιῖ
1064 4251 1140 4355 γὰρ

120 4343 261 4426 παριέναι
282 4341 511 4424 συμβουλεύσων
529 4341 709 4443 Ἀθηναίιιις
731 4339 811 4412 ι’νιός
831 4339 866 4403 οὐ
886 4342 996 4401 πολλοῦ
1016 4335 1138 4419 χιόνου.

120 4431 202 4510 cip.
220 4428 345 4496 118111
368 4425 424 4491 Jao
440 4451 490 4490 και
505 4450 600 4500 arram
621 4424 698 4513 πρὸς
717 4424 752 4489 τὰ
775 4423 913 4490 πολιτικὰ
928 4426 1000 4511 πρὶν
1018 4422 1142 4486 παιδευ-
