2574 5054
136 707 187 753 err
466 684 836 752 Puutuuuttuttm

135 856 225 934 bilia,
255 854 499 945 Thesrytitr
529 867 619 942 atqua
648 857 934 924 Adoniaznsas
962 853 1000 921 ad
1023 850 1161 942 Sophro-

136 978 264 1026 neorum
300 959 458 1024 mimorum
497 960 667 1045 exemplum
698 958 864 1045 composita
894 977 963 1023 esso
992 958 1160 1042 antiquitus

134 1062 276 1128 traditum
292 1073 341 1126 est
359 1069 382 1126 ².
413 1058 466 1125 Ex
488 1061 535 1127 his
556 1063 650 1148 igitur
670 1062 856 1148 potissimum
873 1070 1010 1125 naturam
1026 1071 1058 1125 ct
1073 1061 1162 1125 indo·

134 1165 193 1231 lem
207 1165 365 1230 mimorum
387 1163 567 1229 adumbrare
589 1178 766 1249 possumus,
790 1182 966 1253 quamquam
985 1160 1019 1226 in
1040 1163 1157 1229 ceteris

134 1286 251 1353 quoque
266 1266 413 1352 poematis
428 1265 538 1345 studii,
564 1267 642 1349 quod
664 1266 697 1331 in
713 1263 875 1353 Sophrona
890 1263 990 1350 posuit
1004 1261 1159 1328 Theocri-
1189 1342 1191 1346 y

134 1380 201 1450 tus,
226 1369 355 1454 vestigia
369 1379 526 1454 apparent.
553 1365 670 1450 Quodsi
686 1367 735 1433 hic
755 1368 794 1432 ad
809 1388 883 1433 suae
898 1366 1008 1432 aetatis
1022 1366 1159 1450 artisque

133 1471 265 1536 indolem
288 1470 367 1537 haud
389 1492 482 1556 pauca
505 1469 573 1535 sine
596 1470 686 1535 dubio
708 1470 854 1550 mumvit,
881 1489 957 1556 quac
984 1467 1044 1547 iam
1069 1469 1159 1534 nimis

132 1574 220 1639 rudia
247 1573 432 1639 videbantur
460 1571 625 1657 mitigavit,
656 1582 688 1636 et
716 1574 838 1662 omnino
858 1571 891 1637 in
914 1569 1106 1655 expoliendis
1127 1581 1160 1637 ct

132 1675 302 1761 levigandis
330 1675 458 1761 singulis
485 1675 524 1740 ad
553 1676 645 1759 longe
666 1673 790 1738 maioris
812 1672 1009 1759 perfectionis
1038 1672 1159 1739 laudam

132 1775 297 1862 aspiravit,
321 1798 453 1842 summas
470 1787 569 1840 tamen
584 1775 731 1855 virtutos,
756 1774 875 1860 quasin
892 1771 1052 1859 Sophrona
1068 1775 1159 1841 mira·

132 1878 244 1943 bantur
265 1877 399 1961 antiqui,
424 1899 466 1943 cx
481 1875 651 1944 Theocrito
668 1877 798 1942 maxime
813 1875 1023 1943 diiudioamus.
1060 1875 1159 1943 Prae·

77 2045 81 2054 ,
132 1990 271 2063 terquam
286 1979 366 2044 eninr
382 1980 461 2064 quod
475 1980 615 2065 singula,
639 2000 715 2063 qnae
734 1979 771 2044 de
789 1973 949 2062 Sophrone
965 1979 1157 2064 collegimus,

131 2079 209 2165 apud
225 2080 311 2153 lrunc¹
322 2080 512 2161 invenimus,
536 2081 569 2144 in
584 2082 650 2150 eius
675 2078 856 2145 carminibus
877 2078 1014 2162 spiritum
1038 2102 1158 2165 quoquc

133 2182 266 2247 divinum
281 2183 568 2261 animadvertimus,
592 2201 651 2265 quo
672 2201 710 2246 ea
733 2180 833 2244 omniu
857 2180 940 2263 quasi
956 2180 1093 2248 invitam
1110 2201 1159 2247 re·

130 2292 294 2348 vocantur.
325 2283 521 2349 Admiramur
541 2285 706 2370 ingenuam
728 2293 818 2366 atque
835 2282 967 2348 nativam
982 2283 1158 2369 simplicita-

130 2395 213 2464 tem,
237 2407 296 2470 quu
310 2384 462 2454 hominum
478 2387 571 2452 vitam
587 2397 618 2453 et
633 2405 755 2464 mores,
773 2384 890 2449 animos
906 2394 938 2449 et
951 2386 1073 2466 vultus,
1091 2407 1159 2452 ser·

130 2506 251 2552 monem
274 2499 305 2553 et
325 2497 431 2573 gestus
453 2488 540 2554 nobis
563 2487 720 2573 depingit,
742 2497 777 2550 nt
794 2506 861 2550 oum
875 2486 914 2550 iis
930 2486 1036 2552 vivere
1051 2487 1158 2554 videa-

130 2611 212 2656 mur.
235 2588 278 2653 Et
293 2589 372 2654 hanc
387 2590 607 2675 simplicitatem
621 2599 711 2673 atque
734 2587 915 2668 vamtatem,
938 2609 1025 2672 quam
1040 2591 1158 2657 saratino

131 2692 250 2756 facilius
271 2711 360 2775 quam
382 2694 554 2779 exprimere
576 2691 695 2777 possis,
725 2712 786 2757 non
816 2692 917 2757 minor
937 2702 1022 2757 certe
1047 2692 1105 2757 luit
1125 2693 1158 2757 in

131 2788 310 2877 Sophrona,
342 2795 428 2860 cuius
455 2794 627 2881 ingenium,
657 2793 685 2858 si
714 2794 794 2858 forte
821 2815 883 2858 nun
905 2805 965 2858 tum
987 2793 1074 2859 dulo‘u
1097 2815 1156 2860 neo

130 2905 256 2961 coarto
279 2895 443 2960 emollitum
467 2897 541 2975 tuit,
572 2908 606 2961 nt
625 2896 657 2960 in
682 2894 852 2962 Theocrito
876 2896 1079 2974 admiramur,
1110 2898 1156 2962 vi·

130 3018 205 3082 gore
226 3006 328 3062 tamen
350 3008 381 3062 et
403 2999 521 3064 facetiis
542 3019 619 3064 vere
639 2998 831 3087 popularibus
861 2997 1156 3087 praestantissimum

131 3110 215 3165 certe
233 3100 301 3165 luit.
616 3119 618 3122 ’

215 3200 303 3286 Quae
327 3200 479 3286 hucusque
503 3205 673 3291 disputavi,
703 3216 853 3289 quatenus
874 3202 912 3269 ad
935 3201 1035 3272 Persii
1055 3214 1155 3270 artem

129 3301 349 3370 diiudicandum
363 3306 496 3386 laniant,
520 3329 580 3371 non
601 3309 689 3374 latet.
720 3303 847 3373 Scilicet
862 3305 973 3371 clarius
988 3305 1047 3371 iam
1061 3306 1156 3388 intel·

127 3406 261 3493 ligetur,
284 3409 349 3474 iure
370 3408 399 3472 ei
420 3408 568 3474 mimicam
590 3421 687 3475 artem
714 3409 832 3495 tribui,
847 3420 880 3474 et
902 3419 988 3474 recto
1011 3409 1156 3474 traditum

128 3509 246 3589 videri,
270 3510 383 3577 eumin
400 3508 569 3597 Sophronis
585 3512 680 3578 mimis
695 3513 826 3578 studium
841 3511 979 3597 posuisse
997 3517 1023 3574 ².
1056 3508 1156 3579 Prae·

162 3713 242 3751 carm
269 3707 296 3752 at
319 3714 423 3768 suppos.
450 3716 475 3768 p.
493 3700 528 3754 27
540 3717 594 3769 sqq.
631 3700 748 3769 llapner,
778 3700 810 3752 de
831 3701 914 3753 variis
938 3697 1154 3756 Theocritcornnr

161 3768 310 3836 idylliornm
328 3771 467 3834 ganarium
485 3787 509 3837 p.
531 3771 628 3836 ltaqq.
883 3781 886 3786 ·

128 3836 141 3889 l
161 3838 223 3901 Arg.
242 3838 280 3889 ld.
299 3837 337 3890 lla
364 3837 419 3924 Τὴν
436 3835 465 3891 δὲ
484 3833 631 3890 Θεοτὺλιδα
649 3834 663 3890 ὃ
683 3832 827 3908 Θεόκριτοο
852 3830 1035 3906 ἀπειροκάλως
1051 3832 1082 3888 a'a
1098 3837 1154 3889 τοῖν

160 3902 309 3973 Σώφρονος
331 3923 474 3977 paraveras
495 3908 595 3975 μίμων.
632 3908 694 3972 Arg.
719 3906 755 3958 tt.
783 3904 850 3959 XV:
877 3901 1040 3976 Παρέπλοοο
1064 3900 1094 3957 δὲ
1119 3903 1152 3958 τὸ

160 3973 327 4039 “milduno
350 3971 380 4026 ἐκ
401 3979 457 4029 cuir
479 3975 555 4047 παρὰ
571 3972 701 4097 Σώρρὴονο
717 3977 848 4096 ᾅρορένωο
863 3970 1036 4096 τὰ”ζρθριω.
1071 3973 1154 4110 liupp-

667 4059 786 4096 coercens
812 4060 940 4112 composui
987 4058 1078 4112 rrpaat·
1138 4059 1153 4096 ο

160 4051 245 4093 menta
275 4042 416 4110 Sophronia
446 4063 502 4098 cunr
534 4048 597 4098 locis

161 4109 253 4175 Sophr.
274 4127 298 4178 p.
318 4112 426 4178 impp).

124 4179 143 4235 2
159 4176 266 4230 Notavit
290 4179 414 4232 lliillernr
438 4181 577 4244 (arohneol.
604 4182 618 4248 ξ
637 4182 698 4246 335,
717 4183 734 4236 2
758 4198 782 4248 p.
802 4182 863 4244 tou)
887 4181 918 4233 da
942 4195 1045 4248 rugoso
1063 4197 1151 4233 scano

159 4247 204 4312 (V,
224 4247 283 4312 dl)=
316 4248 427 4300 Persius
453 4251 496 4301 uta
519 4250 692 4303 Nooladmor·
717 4267 768 4302 oon
794 4249 916 4317 Sophron
945 4253 986 4301 iat
1015 4252 1090 4302 raiol
1114 4266 1150 4301 on

158 4316 267 4368 aolclran
292 4314 402 4438 Ziigm,
431 4318 489 4370 und
511 4320 568 4371 will
591 4324 644 4373 mit
666 4320 883 4387 aretalogirclcr
905 4321 1030 4389 mimica-y
1055 4334 1150 4388 corga-

163 4390 259 4453 trugoc
278 4402 334 4438 wer
352 4402 391 4438 err.
1150 4402 1154 4409 ·
