2574 5054
12 865 13 870 ἵ
135 809 261 851 xxxvaaa
461 784 824 849 PROLEGOMENA.

135 957 195 1022 iam
211 957 315 1022 senior
336 977 354 1021 a
376 958 443 1021 loro
458 957 652 1037 recessisset,
673 976 725 1022 res
746 954 902 1021 Romanas
916 953 1044 1020 tradidit
1057 950 1152 1033 (Tac.

134 1061 219 1122 Anu.
248 1054 338 1137 xlv,
367 1057 440 1143 19),
479 1059 511 1123 iu
548 1058 674 1125 historia
708 1078 825 1143 quoque
860 1078 1000 1143 magnam
1037 1055 1154 1121 lauden

135 1162 281 1247 adeptus,
312 1183 486 1246 quamquam
510 1158 715 1243 Quintilianus
731 1163 766 1241 (l.
784 1159 845 1244 1.),
874 1160 922 1224 cui
944 1158 1017 1224 elati
1039 1159 1087 1222 vir
1109 1157 1154 1221 io·

132 1264 214 1350 geuii
232 1276 263 1329 ct
278 1265 439 1330 sententiis
455 1262 562 1328 creber
576 1264 679 1344 audit,
700 1285 768 1330 eum
785 1263 883 1327 minos
898 1281 1035 1346 pressum
1051 1268 1152 1339 vocat,

134 1389 221 1450 quam
244 1367 389 1432 historiae
413 1366 577 1431 auctoritas
600 1367 732 1451 postulet
750 1373 772 1428 ¹.
795 1361 925 1430 Praeter
942 1364 1018 1429 baec
1040 1363 1155 1429 studio·

133 1491 198 1534 rum
229 1470 338 1535 merita
367 1467 520 1553 elegantia
547 1469 632 1533 vitae
660 1489 727 1532 eum
757 1465 907 1533 celebrem
931 1465 1005 1530 dicit
1027 1464 1155 1530 Tacitus

133 1572 233 1656 (Ann.
251 1570 341 1651 XIV,
360 1570 436 1655 19),
460 1591 547 1655 quam
571 1570 681 1634 claram
704 1568 870 1635 reddiderit
890 1589 1006 1633 morum
1028 1568 1155 1651 integri·

134 1683 197 1739 tate
216 1682 239 1738 2.
277 1670 313 1737 ln
344 1674 430 1737 huius
458 1672 711 1758 praestantissimi
739 1672 818 1750 viri,
848 1692 936 1754 quem
961 1671 1153 1736 sanctissimo

133 1797 237 1841 amore
266 1776 303 1840 ad
332 1776 452 1841 cineres
480 1794 574 1858 usque
601 1775 740 1853 colebat,
776 1774 865 1838 domo
895 1773 1043 1857 cognovit
1063 1773 1154 1847 eham

132 1875 302 1942 Plotium
331 1874 552 1943 Macrinum
575 1875 689 1958 (schol.
712 1873 756 1956 ll,
781 1874 835 1960 1),
859 1876 897 1940 ad
919 1895 1007 1959 quem
1029 1875 1153 1939 satiram

133 1980 297 2044 secundam
312 1980 453 2065 scripsit,
477 2000 535 2063 qua
553 1979 759 2062 integritatem
775 1980 841 2044 eius
864 1998 901 2042 ao
922 1975 1153 2043 sanctimoniam

133 2082 208 2147 satis
229 2093 359 2148 testatus
382 2093 430 2147 est
446 2089 470 2146 ³.

219 2180 376 2269 Cognatus
392 2197 459 2251 erat
472 2182 599 2249 Persius
616 2205 683 2249 oum
706 2183 826 2250 Arrio
847 2184 984 2263 minore,
1006 2181 1153 2249 Arriae

132 2285 231 2364 illius,
266 2287 352 2352 cuius
380 2285 478 2353 NON
506 2285 656 2353 DOLET
684 2288 715 2352 in
738 2288 869 2353 omnium
892 2307 946 2351 ore
967 2296 1112 2352 versatur
1126 2294 1151 2364 ⁴,

131 2388 192 2453 lilia
214 2401 245 2453 et
266 2386 381 2455 Paeti
404 2391 610 2457 Thraseae
633 2411 730 2455 uxore
750 2388 846 2470 (Plio.
864 2385 1008 2475 epp-111,
1026 2385 1081 2468 16,
1099 2386 1152 2453 111.

133 2489 211 2555 Tae.
229 2492 315 2556 Aen.
331 2489 423 2569 XVI,
440 2493 509 2572 34).
538 2492 636 2558 Huius
651 2494 711 2559 viri
725 2494 829 2579 magni
843 2504 932 2576 atque
948 2492 1064 2576 egregii
1078 2492 1153 2557 ima·

131 2595 229 2676 ginem
253 2615 294 2658 ex
317 2596 356 2661 iis
384 2597 569 2681 potissimum
599 2596 689 2662 nobis
717 2606 949 2682 repraesentare
979 2614 1151 2680 possumus,

131 2716 206 2779 quae
224 2695 352 2763 Tacitus
367 2700 404 2764 de
420 2720 458 2763 eo
474 2701 597 2779 retulit,
621 2700 671 2783 qui
685 2720 837 2783 nunquam
856 2697 1049 2762 occasionem
1065 2718 1154 2782 prae·

130 2798 277 2878 termish,
320 2802 477 2866 foedorum
506 2814 595 2884 atque
631 2802 763 2865 dirorum
794 2812 959 2886 temporum
993 2798 1152 2864 historiam

131 2900 252 2975 eximiis
268 2901 333 2965 eius
349 2903 437 2968 dictis
454 2906 598 2987 fastisque
614 2903 831 2986 distinguendi.
864 2900 1058 2985 Sequebatur
1078 2904 1153 2966 stoi·

130 3022 234 3066 coram
250 3003 466 3091 philosophiam
486 3005 580 3092 (Tac.
597 3009 680 3070 Anu.
695 3001 785 3082 XVI,
800 3003 855 3067 22.
873 3004 911 3068 cl.
930 3003 1057 3068 Arrian-
1075 3002 1149 3069 diss.

129 3101 156 3180 Ι,
170 3103 202 3182 1,
213 3104 281 3186 28),
298 3107 445 3191 adquam,
463 3110 559 3173 utiam
570 3108 763 3173 observatum
777 3118 836 3184 est,
854 3108 1057 3188 confugerunt
1071 3106 1150 3184 lere,

129 3207 179 3291 qui
202 3205 371 3273 Romanum
392 3211 522 3277 animum
546 3219 729 3288 servarunt,
754 3229 847 3291 quaro
870 3208 948 3272 male
971 3206 1153 3272 audiverunt

128 3311 204 3394 apud
228 3310 379 3396 principes
405 3312 501 3394 iisque
518 3313 635 3377 deditos
650 3311 736 3395 quasi
757 3331 904 3375 novarum
919 3330 1021 3374 rerum
1037 3310 1151 3393 cupidi,

128 3411 177 3493 qui
193 3412 221 3475 ei
236 3434 358 3497 operam
376 3415 526 3479 dederunt
541 3417 597 3497 (ci.
614 3413 692 3480 Tac.
709 3415 795 3477 Anu.
812 3408 902 3490 xlv,
920 3410 973 3476 57.
992 3409 1073 3476 llist.
1090 3408 1149 3488 lv,

129 3511 161 3575 5.
177 3510 236 3577 Dio
253 3512 291 3579 C.
309 3513 431 3593 LXVI,
450 3514 500 3580 12.
519 3518 557 3581 cl.
575 3514 756 3602 bernbardy
772 3514 842 3579 hist.
859 3514 917 3579 litt.
934 3511 1025 3578 Rom.
1043 3535 1074 3600 p.
1088 3512 1151 3579 114

129 3719 141 3770 l
163 3718 266 3771 Passov.
282 3719 355 3785 irgrn.
371 3722 437 3788 apud
448 3722 552 3775 Charis.
570 3720 617 3789 lp.
637 3723 701 3775 ¹¹8:
723 3721 933 3786 ,‚Seruilics,
952 3727 982 3772 ut
995 3720 1073 3772 etiam
1090 3718 1150 3772 Fla·

161 3788 220 3838 vius
234 3788 419 3858 Pomponiauus
436 3799 524 3843 notat:
545 3806 656 3841 aureum
669 3797 743 3842 tores
755 3807 800 3858 pro
820 3792 948 3857 torque‚“
967 3789 999 3841 ad
1021 3789 1089 3841 boue
1109 3805 1151 3841 re·

161 3854 226 3920 lert,
252 3857 421 3911 Lindemann.
446 3861 477 3912 ad
497 3860 528 3927 Q.
549 3859 740 3912 Servilium
759 3860 977 3928 Caepionem,
1004 3858 1035 3909 de
1053 3874 1104 3924 qao
1121 3873 1148 3908 s.

161 3922 264 3990 bleyer,
282 3935 362 3979 oratt.
378 3928 449 3982 hom.
464 3946 489 3996 p.
504 3930 554 3981 310
568 3944 623 3994 sqq.
637 3932 678 3980 ed.
694 3942 746 3981 seo.

126 3993 143 4047 2
161 3990 229 4043 [tien
246 3996 313 4046 enim
332 4013 388 4048 eum
407 4000 520 4050 moribus
535 4000 666 4049 diversum
679 4013 694 4048 a
707 3997 817 4049 Domitio
830 3997 908 4062 Afro,
927 3997 971 4065 qui
988 3995 1151 4063 prosperiore

160 4060 307 4127 eloquentia
332 4080 406 4132 quam
430 4083 526 4118 morum
553 4069 618 4118 lama
643 4066 708 4131 ruta,
736 4074 764 4118 et
780 4082 881 4134 quoquo
899 4065 1150 4133 facinoreproperas

159 4129 303 4181 clarescere
321 4132 395 4196 (Tac.
411 4136 478 4186 Auo.
495 4135 539 4200 IV,
553 4136 608 4202 51).

125 4197 141 4249 3
159 4195 294 4250 Falsterus
306 4200 421 4263 (memor.
432 4204 501 4255 obse.
516 4221 540 4270 p.
553 4205 602 4256 154
613 4207 662 4270 sq.)
673 4204 775 4272 putavit
788 4206 854 4255 bunc
868 4219 925 4255 esse
938 4203 1091 4264 llacsinum,
1104 4203 1147 4269 qui

159 4273 227 4318 teate
240 4267 393 4320 cassiodoro
405 4285 461 4321 eum
474 4271 548 4323 Gallo
561 4271 652 4323 consul
671 4274 750 4324 luerit
762 4273 810 4324 sub
822 4272 939 4331 Nerone,
960 4270 1024 4323 falsa
1036 4271 1149 4323 lectione

159 4336 295 4401 deceptus,
315 4353 372 4389 cam
391 4340 427 4390 ibi
445 4339 543 4391 blasius
559 4342 694 4406 legendum
706 4351 761 4406 est,
781 4359 829 4410 quo
844 4350 871 4393 et
885 4341 975 4393 Asinio
990 4340 1067 4394 Gallo
1078 4357 1146 4393 eoas.

159 4402 293 4457 Persicae
311 4408 366 4459 vita
385 4408 504 4460 decessit.

124 4474 140 4524 1
158 4472 225 4525 Plio.
243 4490 299 4543 epp.
319 4473 363 4542 111,
378 4477 419 4530 lb·
439 4476 554 4543 blasti,
572 4477 613 4532 13.
633 4477 796 4548 Β100.1Χ,
814 4480 856 4534 tt.
875 4478 938 4533 Zeu.
950 4475 999 4545 XI,
1013 4479 1041 4532 1.
