2574 5054
337 736 470 801 SCHOL.
491 735 545 800 Au
567 736 653 801 stu.
673 738 697 814 1,
713 742 864 806 tt-tu.
1041 737 1107 807 283

84 904 197 969 Deinde
212 917 303 968 motus
318 905 508 988 indignatione
523 919 579 969 tem
599 928 705 988 μήτε
720 907 907 988 digressionis
923 911 1106 990 parenthesin

85 995 167 1055 fucit.
189 992 262 1054 Num
277 1003 428 1055 contextus
442 995 488 1055 hic
502 1005 564 1055 ests
585 994 692 1056 Verum
717 994 784 1056 miii
806 993 895 1057 dicite
909 994 944 1057 de
960 1016 1021 1069 ure,
1042 999 1106 1079 quis

84 1078 181 1159 popuii
203 1098 297 1139 sermo
321 1082 387 1141 esti
408 1079 464 1141 hoc
484 1089 548 1153 est,
571 1078 638 1161 quid
660 1079 697 1141 de
711 1100 756 1140 nne
771 1080 891 1160 populus
906 1081 1050 1162 loquituri
1068 1102 1105 1144 ss

85 1163 188 1224 bonnm
212 1175 323 1244 poetam
343 1184 389 1225 me
410 1163 497 1226 diciti
584 1168 656 1242 (iuis
678 1167 773 1238 estin,
794 1168 857 1226 siri
878 1169 1021 1259 cormeito.
1047 1165 1105 1229 snt

86 1251 238 1329 ”sponsio
252 1250 388 1310 convivae
405 1250 479 1310 iilius
494 1248 650 1311 oduistoris
665 1261 721 1324 est,
735 1261 784 1310 out
798 1252 887 1331 ipsios
901 1250 1005 1313 Persii.
1031 1250 1104 1326 Quid

85 1332 179 1408 uliud,
201 1336 255 1395 nisi
276 1333 349 1416 quod
371 1335 440 1395 tuiis
461 1337 585 1397 curmins
607 1337 699 1409 fucis,
718 1355 792 1418 quse
814 1337 930 1397 mottitto
952 1348 984 1396 et
1002 1348 1104 1399 tenero

84 1419 183 1480 levore
205 1439 257 1480 suo
278 1420 416 1481 inoffense
431 1420 556 1482 defluunt
577 1432 607 1483 et
628 1423 729 1501 unguis
755 1441 886 1499 severum
901 1420 1033 1484 iudicium
1048 1442 1104 1484 nou

85 1502 258 1565 formidanti
289 1503 371 1581 Quod
386 1516 479 1566 nutem
494 1505 564 1567 dicit
578 1527 712 1586 ungues,
734 1516 854 1567 trectum
869 1527 886 1568 s
902 1509 1103 1581 mercennariis,

84 1591 133 1671 qui
147 1592 277 1671 quotiens
292 1591 388 1651 voiunt
403 1590 476 1651 dene
492 1602 650 1672 essptutum
668 1593 823 1651 iunctorum
839 1594 985 1652 murmuris
1001 1613 1104 1673 supro·

83 1674 173 1748 bure,
195 1696 289 1755 ungue
305 1677 504 1755 experiuntur,
525 1679 550 1737 si
573 1678 630 1737 uiis
649 1677 835 1755 inaequoiites
856 1677 946 1757 ipsum
961 1678 1104 1739 ievitsteru

84 1759 211 1821 suendis
240 1760 277 1821 iit
290 1780 392 1821 versus
407 1763 445 1820 its
461 1760 563 1822 deduci
578 1771 609 1823 et
622 1759 705 1840 dirigi
721 1773 851 1841 oportet,
875 1773 908 1822 ut
921 1762 1014 1823 solent
1030 1763 1104 1824 iudei

83 1845 226 1907 rubricato
242 1843 318 1906 lines
333 1866 403 1926 opus
419 1844 563 1926 dirigere,
584 1866 640 1928 quo
655 1848 762 1907 certius
776 1845 907 1908 videuntr
928 1846 965 1908 ud
987 1868 1104 1930 quorum

84 1928 292 1992 similitudinem
308 1929 460 2011 diiigenter·
480 1952 582 1993 versus
605 1933 667 1992 sine
689 1951 788 1991 nurms
810 1933 934 2007 fuciunt,
956 1935 1104 1995 versificu-

84 2017 155 2077 tiosi
172 2023 307 2078 ¹tsntum
324 2016 484 2078 studentes.

170 2105 222 2165 66.
243 2104 293 2162 Ac
312 2104 344 2162 si
360 2104 445 2162 oculo
465 2102 626 2163 rubricoso.
657 2100 792 2162 Trsctum
806 2122 825 2163 s
840 2101 947 2175 inieris,
972 2103 1019 2184 qui
1033 2122 1104 2184 quu-

83 2183 158 2244 tieus
173 2183 271 2245 voiunt
289 2185 487 2248 rectitudinem
506 2187 600 2248 lineae
621 2187 824 2267 comprobare,
846 2188 961 2248 retentis
976 2189 1003 2248 in
1020 2205 1104 2248 unsm

82 2280 192 2409 tit:
204 2268 1103 2434 ,titit‘tit‘t’titttttutti‘ttititittt‘t?

323 2393 332 2425 ‚
1089 2388 1104 2401 .

84 2432 229 2495 fundetur.

189 2521 241 2581 67.
262 2519 334 2578 Sive
348 2537 420 2595 opus
436 2519 466 2577 tit
480 2536 596 2591 mores„
618 2517 646 2576 in
662 2516 854 2591 comoediam
884 2518 914 2576 ris
931 2518 1051 2588 lucum,
1074 2517 1104 2575 in

82 2612 228 2682 satyrum
259 2605 290 2663 iu
307 2603 440 2682 prandio
465 2623 588 2681 regum,
612 2603 640 2684 in
664 2602 848 2683 tragoedism.
882 2600 921 2661 Et
942 2602 996 2662 hoc
1018 2598 1103 2662 dicits

84 2687 222 2770 Quicquid
245 2689 288 2748 cir
312 2689 405 2767 pontin
427 2689 523 2767 operis
546 2688 732 2767 imposueris,
754 2708 808 2748 nou
824 2689 951 2747 iuvenies
967 2687 1030 2746 iiius
1044 2684 1104 2746 dis·

83 2775 190 2834 simiics
207 2775 260 2832 sui.
285 2771 316 2832 Si
332 2773 456 2834 volueris
471 2792 534 2833 enm
550 2773 679 2834 scribere
694 2771 875 2844 comoedias,
895 2771 921 2832 id
937 2782 983 2832 est
997 2790 1104 2844 mores,

83 2878 145 2918 seru
176 2857 324 2918 comoedia
356 2877 450 2918 mores
474 2859 613 2919 hominum
635 2860 767 2938 exprimit
787 2854 1103 2937 conversationemque.

82 2942 114 3004 Iu
138 2945 230 3003 iuxom
253 2943 339 3015 dicit,
362 2945 387 3002 si
406 2944 531 3003 volueris
552 2942 680 3003 scribere
703 2953 845 3023 satyrum,
867 2961 941 3023 quoe
963 2942 1103 3001 inventio·

82 3048 147 3090 nem
166 3030 320 3088 ²cootinet
334 3029 489 3100 huminum
514 3047 577 3087 uum
593 3029 710 3105 satyrici
725 3028 779 3087 huc
794 3026 907 3087 habent.
939 3025 970 3085 ln
984 3024 1103 3105 praedis

83 3133 199 3193 regum,
226 3114 280 3173 hoc
303 3124 362 3184 este
384 3114 413 3172 iu
436 3110 599 3191 tragoedias
621 3114 749 3184 Orestis,
777 3111 876 3183 Atrei,
903 3111 1049 3191 Thyestae
1073 3120 1104 3172 ct

82 3197 223 3260 Procuoe.
252 3198 327 3259 Nom
349 3198 421 3258 teies
441 3194 609 3277 tnugoedice
624 3217 776 3257 coenurum
793 3199 1018 3257 facinorosorum
1034 3216 1103 3256 con·

82 3286 171 3344 tinent
193 3282 430 3363 descriptionem,
458 3283 579 3363 quuiiter
604 3283 714 3343 scilicet
736 3293 927 3363 opposuerunt
951 3281 1100 3364 Thyestes

84 3370 226 3449 ignoranti
242 3369 367 3429 membru
382 3368 431 3428 filii
446 3365 629 3427 comedendo.

171 3458 223 3517 69.
248 3458 325 3515 Ecce
347 3455 430 3513 modo
452 3455 560 3512 heroos
579 3472 692 3514 sensus.
727 3450 829 3512 Adhuc
849 3450 885 3510 de
907 3451 987 3510 maiis
1009 3452 1103 3531 poetis

83 3540 222 3623 loquitur,
243 3551 272 3600 et
288 3538 372 3600 dicit:
395 3538 530 3600 Videmus
545 3558 613 3610 eos,
634 3539 681 3618 qui
697 3539 751 3597 hoc
766 3548 870 3596 tontum
887 3538 996 3609 sciunt,
1018 3554 1104 3614 gree·

83 3646 133 3684 css
157 3644 246 3704 nugss
268 3626 365 3685 verbis
387 3643 576 3704 componere,
599 3624 673 3684 veile
694 3635 787 3682 tumen
803 3623 886 3682 etiam
900 3623 992 3682 iurtcs
1007 3632 1038 3682 et
1052 3641 1105 3680 no-

82 3711 154 3771 biles
171 3730 273 3770 sensus
288 3710 457 3769 carminibus
472 3729 617 3788 pangere,
640 3729 704 3770 curu
726 3727 819 3788 oeque
833 3708 900 3768 viiio
915 3718 963 3768 sut
978 3707 1105 3786 egrestis

82 3797 209 3858 csrmiuu
224 3793 373 3854 didicerint
387 3795 526 3856 scribere.

168 3884 219 3943 70.
243 3882 308 3940 Nee
324 3900 436 3959 ponere
457 3881 553 3940 lucum
577 3878 726 3956 artifices,
749 3878 777 3939 id
792 3892 853 3953 cst,
867 3877 968 3940 doctus
983 3878 1029 3939 vei
1043 3874 1105 3938 ido-

83 3985 164 4026 neos.
195 3967 309 4024 Ponere
330 3962 399 4025 dicit
413 3966 559 4037 scribere,
574 3976 605 4024 ut
620 3964 717 4022 Horut.
728 3968 761 4028 ⁸2

211 4052 349 4130 Scriptus·
362 4053 537 4111 honoratum
559 4051 590 4111 si
600 4047 689 4130 sorte
703 4052 821 4133 reponis
837 4051 996 4112 Achillem.

87 4274 98 4326 i
119 4288 211 4325 omnus
225 4289 242 4324 o
254 4279 377 4327 normate
382 4277 499 4343 sociant
509 4276 708 4341 esrsfflcotorss
720 4276 762 4328 cd.
777 4291 817 4345 pr.

86 4343 104 4394 2
122 4345 297 4394 invectionem
308 4344 349 4395 ed.
364 4361 405 4412 pr.

35 4452 47 4473 .,
88 4409 106 4465 6
125 4408 216 4463 diunt.
229 4411 262 4463 Α.
276 4410 305 4465 P.
321 4413 379 4468 tut.
