2574 5054
125 733 190 776 exn
458 705 816 771 ranunculum.

158 878 204 946 ΙΙΙ,
223 879 268 936 32.
286 876 460 931 Cerautna
476 877 629 947 pnrtaaduan
640 877 674 931 ad
690 875 769 932 buta
785 876 897 931 raderer
907 875 927 928 i.
939 876 985 944 qui
997 876 1151 946 riepilleaea

290 968 400 1032 puerunt
416 962 484 1016 fleri.

160 1066 206 1132 ΙΙΙ,
225 1066 269 1122 33.
287 1065 356 1119 ldeu
374 1073 415 1118 eet
431 1073 536 1132 antean,
561 1073 592 1118 nt
608 1066 647 1118 ait
665 1064 858 1130 curentur,
880 1063 930 1117 aub
949 1062 1151 1123 remanendi,

292 1151 360 1219 quod
372 1149 420 1202 enb
433 1151 509 1204 baeta
522 1153 645 1215 traneire;
659 1151 708 1205 aub
719 1166 814 1204 enrnna
824 1166 887 1203 vern
898 1148 974 1202 rendi
987 1148 1152 1211 dicebantur,

292 1237 354 1304 quia
380 1236 560 1304 imponebatur
583 1252 672 1290 eeruu
697 1237 825 1305 capitibus
848 1234 1011 1288 ramueeulne
1038 1232 1153 1303 [arboria

282 1323 361 1373 aient
386 1321 461 1375 bodie
482 1321 523 1388 lit]
541 1322 616 1389 equit
633 1320 786 1386 venalibus,
812 1327 859 1374 ant
882 1320 942 1388 quia
960 1335 1049 1372 euruu
1067 1320 1153 1387 eapita

293 1405 470 1473 radebantur,
489 1406 556 1474 quud
575 1413 634 1458 erat
650 1408 751 1473 rignum
769 1407 917 1458 aervitutiu.

160 1493 236 1562 Apud
253 1489 443 1545 Cornutum
461 1498 519 1544 eutr
546 1490 674 1558 „Signum
698 1492 866 1545 venditionis.
897 1489 963 1542 liine
984 1490 1102 1542 eaninua
1126 1489 1153 1541 in

160 1579 264 1631 nantino
283 1578 314 1630 de
332 1592 424 1630 eruore
440 1577 583 1630 ueeiaurunn
602 1583 629 1628 et
646 1577 678 1629 de
695 1578 789 1646 eapitis
807 1577 868 1628 nndi
886 1577 905 1629 i.
925 1575 1014 1628 raai.“

161 1680 205 1745 ΙΙΙ,
224 1680 268 1734 38.
287 1679 401 1733 Furinae
418 1687 436 1730 ¹.
463 1678 638 1732 Cornutus
655 1677 735 1733 iurire
753 1679 817 1733 dieit
835 1679 902 1746 qued
920 1677 990 1730 lurae
1010 1677 1067 1744 ire,
1085 1676 1153 1728 unde

292 1765 402 1817 dieirnue
431 1763 527 1817 iurleae
556 1763 675 1828 elnaeae,
712 1764 739 1815 in
765 1764 861 1832 quibus
889 1771 1006 1816 eternora
1038 1762 1155 1815 delluunt

292 1849 412 1918 publiea,
431 1865 489 1901 natu
508 1850 621 1903 latrinae
638 1851 762 1902 dieuntur
778 1851 896 1918 privatae
914 1847 941 1916 [a
952 1848 1075 1911 latendo,
1094 1850 1154 1917 quia

293 1935 321 1986 iu
339 1935 412 1987 dene
429 1934 535 2003 latent].

163 2019 207 2085 ΙΙΙ,
226 2019 344 2087 tttsqq.
376 2020 486 2088 Quidam
511 2021 698 2074 cornutum
725 2027 863 2088 nannenten
893 2019 932 2072 aie
954 2025 1100 2087 upeauntz
1125 2018 1157 2071 Si

293 2119 340 2172 pru
358 2106 433 2173 qnod.
468 2105 627 2174 rogaturi.
647 2104 758 2171 nubilis,
777 2121 834 2158 narn
852 2112 912 2170 tusa
928 2106 1011 2157 vertit
1029 2111 1072 2158 eet
1088 2120 1154 2158 enun-

294 2192 391 2244 anuuit.
416 2192 501 2244 curet
517 2206 628 2242 currere
645 2189 677 2241 ad
695 2189 858 2243 aalutandarn
877 2190 983 2242 divitem
1000 2196 1154 2253 matronam,

294 2283 391 2329 uteann
403 2291 480 2350 eaepe
497 2275 633 2328 entnnnde
651 2274 822 2328 hereditatem
840 2275 913 2328 illine
930 2276 1061 2343 anquirat,
1078 2283 1106 2328 et
1118 2278 1155 2328 eie

295 2361 459 2430 heredipetae
489 2361 663 2431 reprehendit.
702 2361 863 2413 Praetorem
888 2360 951 2413 dieii
973 2362 1112 2414 tutelarem
1135 2363 1153 2414 i.

295 2447 430 2500 viduarum
448 2454 628 2516 pretectorem.
663 2444 766 2500 viduae
783 2448 850 2500 enirn
868 2445 955 2500 rernm
973 2462 1081 2503 tuarum
1098 2464 1156 2500 eun·

294 2533 440 2586 etituebant
462 2539 648 2602 preteeturen,
673 2531 718 2600 qul
741 2548 785 2585 ene
803 2531 962 2600 expelleret,
988 2534 1034 2600 qni
1053 2550 1100 2602 per
1115 2550 1155 2586 na·

295 2619 437 2670 lutationes
449 2633 537 2670 earnm
551 2618 712 2670 bereditatea
722 2618 845 2672 velebant
856 2619 1000 2687 anquirere.
1019 2617 1156 2674 ererum

295 2717 333 2754 ae.
353 2718 457 2755 uervnnn
476 2719 523 2755 non
543 2703 670 2772 praeturis
688 2704 827 2770 tutelarin‚
846 2704 890 2756 aed
909 2705 1039 2771 praetorib
1052 2706 1155 2758 urbani.

297 2787 375 2840 ertu
391 2802 428 2839 ue.
449 2790 605 2856 pauperibus
622 2789 792 2854 vigilantibne
809 2791 841 2843 ad
860 2790 962 2842 ianuaua
979 2797 1113 2843 unatrnnne
1131 2798 1158 2843 et

296 2866 376 2941 qna're
399 2873 509 2939 vigilent
536 2875 609 2927 dielt.
646 2874 688 2928 Ne
713 2875 818 2943 eollegu
842 2876 861 2928 i.
885 2875 981 2944 aliquis
1004 2890 1156 2944 pauperum.

296 2957 418 3025 collegae
447 2960 572 3013 dicuntur
599 2976 742 3029 pauperet,
772 2977 881 3030 qunrurn
909 2961 1005 3026 legatio
1036 2970 1096 3014 erat
1124 2963 1156 3014 ad

298 3045 402 3097 ianuarn
425 3045 533 3100 divitum
557 3052 733 3101 matronarum
755 3055 920 3115 exepeetare,
944 3046 990 3114 qui
1012 3047 1046 3098 ad
1063 3047 1114 3102 bue
1131 3049 1158 3100 in

298 3131 355 3183 vita
379 3130 458 3196 legati
485 3138 561 3196 eunt,
594 3138 625 3184 ut
652 3132 755 3185 laberer
783 3134 930 3186 enetiaeant
955 3139 983 3185 et
1007 3149 1157 3202 aerunnee,

298 3217 367 3270 aient
390 3231 477 3268 umnee
503 3217 599 3269 diriter
624 3226 685 3271 eunt
709 3218 806 3286 legati,
833 3225 864 3270 ut
880 3219 906 3270 in
924 3219 1058 3288 voluptate
1076 3223 1158 3275 vitani

298 3308 443 3354 traneeant.
472 3302 599 3356 Albinum
617 3309 646 3355 et
662 3303 781 3357 Medium
804 3304 907 3357 nonina
929 3310 992 3355 eunt
1007 3307 1157 3372 viduarum,

296 3387 341 3454 qul
359 3402 420 3439 rnen
436 3395 570 3456 praetores
588 3389 702 3458 babent,
727 3390 770 3459 qui
793 3404 838 3442 ene
863 3389 1058 3444 enundinaret
1075 3394 1159 3462 pupil-

297 3471 338 3524 luu
356 3489 455 3526 earuur.

168 3559 264 3610 llorum
286 3558 343 3611 lucu
366 3559 433 3626 apud
459 3558 642 3613 Cornutum
666 3562 729 3614 baeu
755 3561 876 3614 inveniet
902 3558 1033 3631 „Propter
1054 3564 1160 3619 nimian

167 3644 305 3696 avaritiam
323 3644 404 3709 illud,
423 3646 490 3712 quod
508 3660 632 3714 pauperet
651 3645 737 3699 iaeere
754 3645 863 3714 debent,
886 3653 949 3699 tune
966 3648 1063 3703 diriter
1081 3651 1161 3705 faeie·

166 3728 238 3782 bant.
266 3730 337 3782 Ante
349 3735 441 3782 ortum
454 3746 492 3782 ue.
512 3731 577 3783 enlin
594 3738 621 3784 et
637 3733 809 3785 reeeeeienetu
827 3734 910 3784 nuntie
927 3733 1036 3787 adibant
1052 3737 1158 3802 viduae,

167 3828 276 3881 quarunt
294 3815 452 3868 hereditates
470 3816 643 3884 appetebant,
668 3819 756 3887 uirque
781 3817 921 3871 salutantia
945 3819 1070 3890 obsequia
1087 3824 1160 3876 eubi-

166 3897 279 3963 bebant,
312 3900 403 3968 quibus
428 3902 552 3954 euntibus
577 3903 627 3955 iarn
651 3903 745 3957 duduur
769 3904 825 3958 urbi
850 3905 995 3971 vigilabant
1017 3906 1037 3958 i.
1061 3906 1160 3961 lumine

168 3983 282 4050 privati,
301 3986 436 4038 eredentes
454 3987 609 4040 adventante
627 3989 709 4054 diem,
729 3990 788 4044 duan
806 3989 1000 4059 praetereuatee
1016 3994 1158 4046 teatinent.

135 4164 147 4217 l
169 4160 211 4215 ln.
230 4178 246 4214 a
263 4165 382 4219 lanua:
403 4171 522 4233 „Foriee
540 4187 554 4223 a
564 4173 665 4236 surio,
681 4175 760 4241 suris
778 4174 876 4227 dicitnr
893 4176 957 4227 baeu
966 4176 1082 4244 serien,
1102 4195 1160 4239 eae,

167 4231 194 4282 id
219 4240 260 4284 eet
284 4235 388 4300 cluana,
419 4240 451 4289 nd
475 4254 549 4305 quarn
574 4240 680 4307 publiea
703 4243 818 4297 eivitatia
842 4251 956 4296 stercora
974 4249 1110 4300 eundunnt
1132 4255 1160 4300 et

168 4301 340 4368 proiciuntur.
370 4303 433 4357 Num
459 4307 578 4359 latrinae
602 4311 726 4362 dicuntur
747 4327 763 4363 a
787 4312 906 4376 latendo,
930 4315 1033 4367 teilieet
1056 4318 1160 4370 eluaeae

170 4371 305 4435 privatae,
325 4379 390 4439 qnde
409 4375 435 4425 in
452 4376 569 4430 donibnt
587 4377 701 4431 latent·“
