2574 5054
189 766 233 832 72
436 768 702 832 ARGUMENTUM
746 770 909 833 Sd'l'lllllll
939 773 961 832 l.

151 961 153 965 ’
190 961 253 1001 cum
269 939 435 1000 adversario
459 942 636 1021 colloquatur
655 952 759 1021 poeta,
781 962 817 1002 an
832 962 945 1002 secum:
970 938 1042 1021 quod
1058 941 1210 1020 praecipuo

192 1022 266 1105 apud
280 1024 408 1084 Persium
424 1027 516 1087 locum
532 1028 627 1098 babet,
644 1028 690 1086 ubi
706 1048 761 1087 uon
777 1039 823 1087 est
837 1039 932 1087 certus
948 1024 1058 1106 quidam
1075 1023 1209 1085 adversa·

189 1113 260 1180 rius,
280 1113 325 1190 qui
342 1113 423 1170 unius
439 1111 557 1170 bominis
565 1123 663 1191 partes
672 1123 806 1173 accurate
822 1114 1049 1191 circumscriptas
1065 1121 1144 1188 agat,
1159 1109 1208 1169 sed

190 1197 292 1266 omnia,
308 1198 471 1275 quibuscum
487 1216 546 1256 rem
563 1198 650 1257 babet
662 1210 759 1277 poeta,
774 1199 827 1258 bac
842 1198 928 1257 veluti
943 1216 1065 1276 persona
1081 1216 1208 1274 compre-

192 1279 360 1341 benduutur.
385 1282 451 1340 Cum
468 1283 555 1360 igitur
569 1293 654 1361 poeta
675 1285 765 1362 primo
781 1285 875 1343 statim
898 1303 983 1342 versu
999 1283 1144 1341 consilium
1160 1301 1209 1360 pn-

190 1367 308 1426 tefaciat
323 1365 357 1425 de
374 1367 447 1425 inani
464 1367 601 1426 bominum
618 1367 710 1426 studio
733 1366 933 1448 conquerendi,
950 1365 1096 1428 dissuadet
1110 1367 1209 1445 aliquis

191 1453 236 1522 ei,
252 1472 312 1511 curu
334 1453 402 1511 talia
424 1471 506 1511 nemo
522 1466 671 1512 curaturus
686 1456 732 1512 sit.
770 1454 821 1513 Cui
844 1464 946 1533 poeta,
962 1455 989 1511 iu
1005 1464 1060 1511 tam
1077 1462 1209 1530 corrupto

191 1536 228 1598 du
249 1537 351 1596 litteris
373 1535 476 1596 iudicio
499 1538 596 1596 talium
620 1540 788 1598 senteutiam
812 1540 913 1599 nullam
936 1541 990 1598 vim
1013 1537 1142 1606 babere,
1165 1555 1210 1594 re·

191 1620 322 1700 spondet,
338 1624 420 1680 immo
429 1625 454 1680 si
470 1625 531 1702 quis
548 1625 710 1682 accuratius
726 1624 866 1702 inspiciat,
882 1643 954 1693 eum,
970 1622 1005 1683 dc
1022 1621 1210 1700 indignatione

191 1726 339 1785 procerum
356 1726 497 1777 securum,
512 1711 641 1786 graviter
650 1709 722 1768 baec
732 1711 933 1787 castigaturum
943 1729 1009 1767 csse
1026 1715 1064 1781 (v.
1084 1711 1209 1775 1—12).

277 1793 381 1851 Omnes
394 1794 465 1851 enim
483 1792 625 1854 scribendi
641 1791 733 1852 studio
749 1794 854 1864 calent,
879 1805 909 1852 ut
924 1812 970 1862 ca,
992 1811 1065 1871 quac
1081 1792 1209 1850 elabora-

190 1877 256 1944 rint,
280 1879 442 1934 conuocatis
465 1875 638 1936 auditoribus
661 1878 793 1948 recitent,
816 1888 846 1936 et
868 1879 941 1937 omni
965 1879 1039 1935 cultu
1061 1888 1091 1934 et
1111 1887 1210 1934 ornatu

191 1978 276 2018 aures
292 1980 388 2018 eorum
404 1971 488 2038 atque
505 1960 601 2019 oculos
619 1961 727 2032 fallant,
748 1973 778 2019 et
798 1959 1050 2042 inanemplausnm
1067 1972 1152 2039 atque
1169 1960 1183 2017 f
1198 1992 1211 2002 -

190 2063 286 2103 vorem
303 2046 502 2103 nanciscantur
518 2052 555 2118 (v.
575 2050 722 2117 13-21).
740 2047 909 2125 Quamquam
926 2046 999 2105 benc
1015 2046 1121 2104 conscii
1138 2054 1212 2112 suut,

64 2172 69 2182 .
190 2140 352 2207 corruptum
383 2148 450 2188 esse
480 2149 577 2189 eorum
607 2129 752 2202 iudicium,
790 2150 907 2210 quorum
938 2133 1064 2189 favorem
1095 2139 1213 2207 captent

193 2221 230 2287 (v.
247 2218 288 2275 22
304 2221 378 2293 sup),
409 2234 490 2273 nemo
512 2225 606 2275 tamen
628 2217 663 2275 ob
679 2216 761 2275 aliam
784 2235 898 2275 causam
915 2214 1014 2275 studiis
1038 2234 1071 2274 se
1088 2212 1211 2283 dedicat,

190 2300 245 2358 uisi
261 2309 291 2358 ut
306 2300 406 2357 famam
423 2311 527 2378 poetae
542 2312 721 2380 assequatur.
766 2298 806 2360 At
821 2300 893 2381 apud
909 2320 1056 2381 quosnam,
1071 2311 1101 2360 et
1116 2318 1212 2379 quam·

190 2403 254 2443 nam
272 2385 394 2443 laruam?
428 2383 513 2463 Apud
527 2405 589 2457 eos,
605 2389 651 2465 qui
666 2387 733 2446 talia
748 2406 801 2446 nec
817 2386 985 2465 intelligunt,
1001 2405 1071 2456 nec,
1087 2386 1113 2444 si
1128 2404 1213 2444 accu-

190 2470 279 2528 ratius
295 2471 445 2548 inspicias,
468 2490 536 2530 vcrc
552 2482 669 2541 curant,
685 2482 716 2531 ut
731 2472 768 2543 ii,
783 2474 830 2551 qui
845 2491 883 2531 ex
897 2491 975 2531 more
992 2470 1123 2541 divitum,
1139 2471 1213 2529 inter

191 2574 307 2614 coeunnr
335 2554 369 2613 ad
394 2556 554 2615 variandam
577 2557 766 2635 voluptatem,
787 2559 911 2616 carmina
933 2558 1073 2633 legentem
1098 2552 1215 2615 audiunt

192 2648 230 2713 (v.
246 2644 395 2711 23—40).
426 2640 497 2700 Nnnu
514 2644 624 2700 etiamsi
639 2662 735 2700 veram
751 2640 860 2701 laudem
877 2651 975 2720 optare
991 2640 1078 2699 debet
1091 2642 1211 2720 quisque

190 2735 275 2803 pocta
293 2732 330 2797 (v.
348 2729 519 2797 att-47),
544 2737 635 2786 tamen
652 2747 705 2786 uec
721 2737 817 2805 potest
832 2747 885 2786 nec
901 2726 987 2785 debet
1002 2728 1096 2803 magui
1114 2727 1213 2784 lacere

190 2811 381 2889 imperitorum
399 2809 525 2882 laudern,
549 2813 596 2890 qui
613 2811 741 2891 quicquid
757 2811 835 2871 dives
852 2814 957 2871 amicus
974 2812 1105 2889 scripsit,
1127 2810 1212 2889 pleno

191 2914 242 2954 ore
259 2893 383 2964 laudaut,
397 2895 470 2953 benc
487 2900 578 2974 gnari,
595 2917 668 2968 eum,
685 2899 730 2976 qui
745 2897 891 2957 beneficiis
908 2895 1052 2956 auditores
1061 2895 1212 2963 conducat,

191 3000 288 3039 veruna
305 2979 402 3039 audire
419 2981 503 3051 nollo,
520 2983 593 3041 velle
610 2992 715 3040 tantuna
731 2981 840 3041 laudari
857 2987 1019 3055 (ns-57).
1063 2981 1085 3040 li
1101 2983 1156 3061 ipsi
1171 2991 1215 3038 ta-

190 3084 266 3134 men,
282 3085 363 3143 quem
380 3063 462 3123 modo
478 3070 503 3124 in
519 3087 551 3125 os
569 3065 727 3138 laudarunt,
743 3067 872 3138 eunuchi
888 3068 1145 3145 tergumuerterit,
1161 3064 1212 3124 de·

190 3148 285 3209 rident
300 3154 461 3222 (us-62).
485 3153 554 3211 Tam
571 3153 648 3210 nibili
664 3163 719 3225 est,
735 3171 817 3232 quem
833 3153 879 3211 isti
895 3153 992 3231 quovis
1009 3149 1091 3209 modo
1107 3170 1213 3210 venan-

191 3247 247 3307 tur,
263 3237 454 3312 imperitorum
471 3236 594 3316 plausus.

275 3322 381 3379 Verum
398 3319 463 3400 quid
484 3320 595 3380 tandem
620 3333 680 3392 est,
704 3319 776 3399 quod
801 3322 827 3379 in
844 3322 923 3380 bisce
946 3323 1037 3399 poetis
1061 3331 1213 3398 tantopere

191 3405 286 3485 placet
301 3416 384 3485 atque
402 3404 551 3465 laudaturi
580 3407 662 3465 Nunc
678 3404 788 3464 taudem
805 3426 911 3464 summo
927 3426 990 3465 cum
1013 3407 1134 3464 artificio
1149 3424 1213 3463 ver·

191 3511 240 3548 sus
257 3491 379 3548 molliter
396 3493 514 3551 llucntes
531 3511 702 3570 componore
719 3492 878 3568 intelligunt
900 3502 939 3563 (v.
960 3494 1116 3561 63-66);
1141 3509 1214 3548 nunc

191 3575 319 3644 tandem,
343 3574 473 3655 quicquid
496 3579 661 3654 suscipiunt,
684 3577 802 3654 grandia
827 3579 952 3634 cnrnnina
975 3578 1099 3644 faciunt,
1117 3585 1147 3633 ut
1167 3576 1212 3653 qni

193 3662 259 3719 nibil
277 3672 392 3738 practer
408 3663 479 3719 leuia
496 3665 621 3720 carmina
644 3659 679 3719 ad
704 3660 875 3719 Graecorum
900 3662 1030 3740 exennpln
1054 3661 1163 3729 luscrit,
1180 3657 1214 3716 ad

191 3765 239 3804 ros
262 3746 402 3803 llomanns
426 3746 536 3805 sublimi
560 3749 684 3806 carmine
710 3744 872 3804 tractandas
901 3747 995 3804 subito
1026 3765 1058 3804 se
1082 3747 1215 3823 accingat

191 3838 229 3903 (v.
248 3835 396 3903 67-75).
433 3832 537 3890 Contra
553 3833 599 3890 alii
615 3833 824 3910 antiquissimos
841 3851 966 3910 «pinosque
983 3842 1084 3910 poetas
1100 3840 1214 3889 sectan-

192 3927 247 3984 tcs,
264 3915 394 3995 quicquid
410 3919 437 3975 in
460 3919 494 3975 iis
510 3918 639 3995 rubigine
655 3927 684 3975 ct
711 3926 829 3975 veterno
852 3926 954 3974 tectum
979 3926 1024 3973 est
1039 3925 1216 3995 nuncupantur

191 4000 380 4081 innitaruloqne
397 4004 557 4080 exprimere
574 4014 713 4061 conantur
729 4012 766 4074 (v.
779 4005 928 4071 76-78).
966 4001 1063 4079 ltaque
1081 4000 1147 4058 nibil
1163 4001 1214 4058 rni-

190 4105 261 4156 rum,
278 4086 331 4144 boc
355 4087 545 4146 diversissima
570 4085 704 4146 miscendi
721 4084 813 4144 studio
837 4086 1041 4144 intolerabilem
1064 4087 1126 4144 lieri
1149 4104 1214 4144 orn-

193 4172 307 4240 tionem,
324 4191 377 4248 (pina
394 4192 466 4230 nuuc
483 4171 607 4249 gaudent
622 4171 753 4231 erudituli
771 4178 807 4243 (r.
825 4174 974 4240 79-82).
1003 4171 1033 4228 ln
1049 4171 1104 4228 boc
1121 4182 1215 4228 nutem

190 4254 283 4313 studio
306 4257 452 4314 artiliciutn
476 4257 634 4315 sustentandi
660 4277 756 4315 verium
787 4277 841 4312 non
866 4266 960 4331 potest
977 4256 1068 4313 locum
1094 4255 1214 4324 babere,

190 4338 240 4398 scd
258 4339 284 4397 id
303 4361 383 4398 uniam
400 4362 497 4400 onmes
514 4355 609 4419 agunt,
626 4353 655 4400 ut
671 4344 819 4417 eleganter·
842 4339 952 4398 dicendi
969 4361 1125 4419 versusque
1142 4341 1213 4398 uuol-

189 4425 254 4484 liter
269 4426 454 4503 componendi
471 4438 559 4486 artem
576 4430 697 4494 iactent,
713 4424 821 4485 atinde
838 4424 946 4484 laudem
962 4436 1093 4504 captent,
1110 4446 1165 4484 nou
1182 4437 1212 4483 ut
