2574 5054
203 736 266 805 170
537 742 620 804 snt.
637 742 686 817 Ν,
708 750 747 807 14
763 778 805 790 -
823 748 871 809 19.

203 931 289 973 ansus
311 917 368 985 est)
390 912 551 974 Detrabere
573 925 605 974 et
622 915 742 993 pellem,
764 912 866 972 nitidus
889 934 943 995 qua
964 915 1082 994 quisque
1098 934 1151 994 pcc
1165 935 1216 975 ora

204 995 338 1069 cederet,
353 1000 504 1058 introrsum
524 1002 624 1078 turpis.
647 1000 718 1079 Epp.
734 1000 756 1071 Ι,
774 1003 823 1072 16,
838 1005 897 1061 45:
926 999 1079 1058 lutrorsum
1094 1011 1215 1079 turpem,

203 1085 362 1162 speciosum
384 1084 460 1162 pelle
481 1083 598 1144 decora.
643 1085 701 1144 Gur
721 1086 807 1162 igitur
826 1105 880 1143 non
904 1083 951 1158 (de
967 1086 1172 1162 significatione
1188 1107 1214 1144 r.

203 1170 273 1248 quin
294 1190 321 1226 v.
344 1168 430 1228 Hans.
453 1168 489 1228 ad
515 1169 593 1230 licis.
623 1190 667 1249 gr.
689 1171 738 1229 lat.
768 1191 795 1229 n.
817 1174 892 1243 492)
920 1171 1011 1248 potius
1040 1173 1149 1230 destinis
1160 1191 1215 1249 po·

198 1254 279 1332 pello
296 1254 356 1327 (Vl,
372 1259 425 1316 56.
443 1254 512 1314 llor.
536 1275 601 1334 epp.
624 1256 646 1328 l,
661 1261 690 1327 7,
708 1259 759 1327 65)
777 1257 900 1326 blando,
921 1257 967 1334 qui
983 1266 1103 1316 externa
1118 1259 1216 1335 specie

202 1336 340 1418 deceptus
355 1341 405 1399 tibi
419 1339 542 1411 blandit,
557 1351 626 1400 unte
641 1343 734 1411 diem,
751 1352 899 1420 antequam
917 1353 1025 1419 tempus
1040 1344 1128 1413 venit,
1144 1362 1215 1402 cou-

202 1426 269 1483 dorn
282 1425 419 1485 iactare?
440 1424 496 1485 Pro
511 1445 557 1497 eo,
572 1424 646 1505 qnod
660 1427 776 1505 vulgare
792 1436 838 1485 est
851 1429 1009 1485 seductore
1024 1424 1160 1501 (brocbb.
1179 1424 1215 1485 ad

202 1506 286 1587 Prop.
302 1509 337 1580 ΙΙ,
355 1514 404 1582 19,
423 1517 485 1583 15),
499 1512 706 1583 aicddrilatcn,
723 1512 767 1570 eui
776 1510 935 1589 adiungitur
943 1509 1052 1570 dutinus
1062 1530 1214 1592 personae,

201 1613 297 1654 coram
313 1616 367 1674 qna
384 1598 446 1676 quis
461 1615 494 1656 se
509 1599 596 1656 iactat
610 1596 981 1676 suaquegloriosevcnditat
997 1596 1216 1667 (tiuxxxtx,

201 1684 253 1751 43,
269 1684 299 1741 2.
316 1680 384 1740 llor.
405 1701 491 1740 earm.
507 1682 530 1754 Ι,
545 1686 576 1752 2,
594 1685 634 1744 17
649 1702 692 1762 sq.
716 1683 811 1740 lucen.
828 1682 849 1752 l,
866 1685 928 1753 62),
944 1681 1015 1739 dixit
1030 1684 1153 1741 candum
1169 1685 1214 1740 ia·

201 1775 297 1835 ctare,
315 1765 388 1846 quod
407 1767 453 1826 rel
468 1787 529 1826 cum
546 1767 714 1826 Casaubouo
729 1788 746 1825 a
761 1786 887 1845 pavone,
903 1766 948 1825 rel
963 1766 998 1825 ab
1014 1786 1087 1847 equo
1103 1764 1215 1826 desum·

202 1862 258 1909 tum
273 1848 362 1910 videri
378 1861 482 1929 potest,
499 1854 545 1933 qui
564 1863 621 1911 tum
637 1852 757 1931 superbe
774 1851 877 1910 incedit
893 1851 1008 1911 caudam
1023 1854 1120 1911 iactat.
1158 1851 1215 1910 Cur

200 1937 286 2014 igitur
301 1938 397 2014 pergis
419 1938 548 2015 populum
571 1938 670 1997 fallere
694 1938 790 2015 specie
813 1936 928 2007 decora,
951 1950 979 1997 to
995 1938 1164 2015 quimellor
1184 1956 1216 1995 cs

200 2022 322 2079 sorbere
338 2021 413 2095 (Vol.
430 2023 472 2080 Fi.
494 2023 516 2094 l,
537 2027 599 2085 424
621 2023 721 2081 melior
741 2021 933 2093 contundere,
952 2023 990 2081 ci.
1008 2023 1029 2092 Ι,
1046 2027 1116 2093 59),
1132 2041 1215 2101 quem

201 2104 320 2165 sorbere
335 2107 436 2166 melius
458 2108 550 2178 leret,
571 2110 750 2184 Anticyras,
776 2106 849 2187 quod
872 2106 1008 2166 audacter
1028 2109 1146 2185 positum
1163 2127 1215 2184 pro

201 2189 358 2262 helleboro,
374 2191 447 2270 quod
469 2192 506 2250 ibi
529 2194 659 2270 optimum
676 2194 801 2250 nascitur
816 2203 846 2250 et
868 2194 996 2251 insaniae
1019 2190 1159 2259 medetur,
1175 2193 1214 2249 ci.

202 2274 270 2335 llor.
286 2287 341 2334 sat.
363 2275 397 2348 ll,
419 2281 449 2347 3,
465 2281 523 2340 83:
546 2276 653 2336 Nescio
675 2298 709 2335 nu
732 2275 898 2355 Anticyram
919 2278 991 2335 ratio
1014 2276 1068 2334 illis
1091 2275 1217 2334 destinet

201 2379 322 2419 omnem.
342 2358 379 2419 Α.
403 2360 434 2419 Ρ.
454 2365 532 2425 300:
555 2364 646 2421 tribus
668 2361 813 2439 Anticyris
839 2373 923 2439 caput
943 2361 1108 2419 insanabile.
1133 2359 1215 2419 ovid.

201 2464 265 2524 epp.
281 2445 330 2516 lv,
346 2450 376 2516 3,
393 2450 432 2507 53
449 2467 512 2526 sq.:
535 2448 557 2518 l,
572 2447 648 2518 bibe,
664 2447 807 2518 dixissem,
815 2458 967 2524 purgantes
977 2458 1093 2524 pectora
1101 2464 1217 2514 succos,

202 2529 338 2609 Quicquid
354 2542 384 2590 et
399 2533 426 2589 iu
442 2543 501 2591 tota
509 2536 634 2591 nascitur
642 2530 789 2611 Anticyra.
806 2532 864 2591 luv.
880 2531 956 2602 ΧΙΙΙ,
972 2535 1023 2593 97.
1041 2530 1216 2601 Plin.XXV,

201 2620 231 2687 5,
253 2621 303 2677 21.
325 2616 406 2675 Duae
427 2628 509 2677 erant
530 2618 703 2700 Anticyrae‚
726 2616 762 2675 ed
784 2620 872 2675 sinum
894 2617 1043 2675 Maliacum
1065 2618 1170 2685 ultera,
1186 2617 1217 2674 in

201 2700 325 2761 Phocide
348 2702 439 2761 altera
460 2704 513 2761 site
535 2702 647 2782 (Stepb.
664 2703 735 2781 Byz.
752 2722 775 2760 s.
791 2709 852 2774 ν.);
876 2704 994 2761 maxima
1018 2702 1092 2760 ianua
1108 2699 1218 2778 gaude·

199 2786 249 2846 bat
265 2787 426 2847 belleborus
442 2787 582 2847 Pbocieae
599 2789 674 2846 urbis
686 2788 781 2862 (Pauo.
798 2787 835 2857 X,
851 2793 903 2857 36,
918 2792 947 2849 3.
964 2785 1091 2865 Alcipbr.
1106 2785 1154 2857 ΙΙΙ,
1170 2791 1217 2857 2).

201 2871 304 2931 Strabo
321 2873 372 2946 (ΙΙΙ
387 2893 414 2951 p.
429 2877 492 2934 418
508 2872 556 2944 ΙΙ.,
572 2883 685 2944 narrat,
701 2875 832 2951 optimum
848 2872 957 2953 quidem
974 2875 1052 2931 nasci
1069 2873 1217 2942 Oetaeum,

199 2959 303 3037 optime
319 2969 413 3017 autem
428 2959 592 3036 praeparari
601 2960 628 3016 iu
638 2958 760 3018 Phocica
768 2958 905 3037 Anticyra
914 2959 963 3030 (ci.
973 2958 1044 3017 Plin.
1055 2956 1145 3027 ΧΧΙΙ,
1156 2960 1217 3026 24,

200 3046 251 3107 64.
268 3043 367 3103 Diose.
384 3043 434 3113 lV,
453 3049 535 3114 152).
564 3045 721 3114 Merocos,
738 3042 773 3102 ad
789 3045 914 3102 insaniae
930 3045 984 3101 vim
1000 3041 1159 3112 notandam,
1175 3042 1216 3100 cl.

200 3128 267 3187 lior.
284 3147 348 3206 epp.
365 3127 399 3198 ΙΙ,
415 3133 445 3199 2,
464 3133 541 3191 137:
571 3129 684 3207 Expulit
700 3128 844 3187 bellcboro
859 3128 984 3187 morbum
999 3128 1139 3206 bilemque
1155 3145 1217 3186 me·

199 3233 277 3273 caco.
315 3217 433 3273 Summo
456 3214 526 3272 donni
545 3234 679 3272 summum
702 3214 803 3273 bonum
832 3215 882 3287 (ci.
912 3214 1034 3272 Botticb.
1064 3213 1121 3271 lex.
1145 3211 1217 3271 Tac.

199 3320 227 3379 p.
243 3304 330 3371 448).
351 3301 443 3358 Uncto
459 3300 569 3358 accuse
579 3300 703 3378 patella,
720 3298 849 3358 delicatis
865 3299 935 3359 cibis
951 3299 1016 3368 frui,
1031 3298 1070 3358 cf.
1086 3297 1133 3365 ΙΙΙ,
1144 3300 1216 3359 102.

203 3386 320 3444 Corace
335 3395 429 3442 eutem
452 3386 512 3444 sive
530 3386 701 3462 pelliculam
724 3383 758 3443 de
775 3404 843 3444 cura
865 3385 994 3461 corporis
1010 3386 1038 3440 in
1053 3384 1217 3441 uuiversum

199 3467 311 3540 dicitur,
335 3469 375 3528 ci.
401 3468 470 3529 llor.
495 3489 560 3547 epp.
576 3468 597 3540 Ι,
613 3474 644 3541 2,
659 3474 718 3539 29,
740 3475 770 3541 4,
790 3475 838 3531 Ι5.
860 3469 920 3527 Sat.
938 3469 970 3538 ΙΙ,
987 3474 1016 3539 5,
1038 3472 1089 3529 38.
1105 3468 1164 3525 luv.
1179 3467 1217 3537 ΙΙ,

202 3558 273 3625 105,
289 3555 328 3613 itu
344 3564 373 3612 ut
388 3555 498 3612 nimiam
521 3556 584 3614 iere
607 3554 757 3632 significet.
787 3553 869 3628 Quod
891 3555 936 3613 bic
959 3552 995 3611 ad
1010 3555 1216 3612 accuratiorem

200 3640 415 3718 explicationem
431 3637 543 3699 additur
558 3642 676 3699 assiduo
699 3641 760 3698 sole
775 3651 887 3718 spectat
902 3638 937 3698 ad
952 3638 1140 3697 liomanornm
1156 3658 1217 3696 mo-

199 3744 269 3795 rem,
286 3745 340 3804 quo
355 3726 431 3783 uncti
441 3726 468 3783 in
486 3725 547 3784 sole
562 3724 750 3795 ambulabant,
766 3745 847 3803 quem
864 3728 891 3783 iu
906 3723 1218 3784 usumaediiicabantur

200 3811 305 3869 solaria
321 3809 424 3883 (Plaut.
447 3810 506 3868 blil.
530 3809 564 3880 ll,
579 3814 609 3881 3,
626 3813 676 3872 63.
702 3809 783 3869 Suet.
802 3809 899 3869 Claud.
924 3815 963 3871 to
979 3811 1016 3868 ib.
1032 3809 1125 3880 Ere),
1141 3807 1216 3887 quod

200 3898 326 3975 quamvis
342 3893 377 3953 ed
392 3893 582 3955 valetudinem
597 3895 758 3954 firmandam
770 3898 936 3973 pertineret,
953 3897 1106 3954 otiosorum
1123 3905 1217 3952 tumeo

199 3983 372 4061 potissimum
396 3987 435 4055 (r.
457 3985 509 4042 33.
532 3980 602 4039 Plio.
623 4001 687 4060 epp.
713 3981 760 4050 lll,
777 3986 806 4050 5,
826 3985 874 4053 10)
892 3992 921 4039 et
935 3982 1076 4039 seniorum
1099 3981 1151 4038 luit
1167 3978 1217 4052 (V,

202 4070 272 4129 ¹79.
289 4065 359 4124 Plin.
376 4086 442 4145 epp.
461 4067 508 4138 ΙΙΙ,
527 4072 554 4137 Ι,
570 4072 600 4128 8.
624 4067 683 4126 Cic.
700 4066 763 4125 Cat.
779 4069 843 4125 urai.
863 4071 911 4136 16,
929 4070 992 4138 56).
1015 4068 1165 4143 Exspecto
1180 4084 1218 4123 eu

201 4171 250 4210 usu
270 4151 395 4228 vulgaris
419 4155 575 4223 sermonis,
598 4154 636 4211 ci.
661 4151 729 4212 Seu.
752 4151 786 4210 de
809 4152 903 4210 bcoei.
920 4152 958 4222 V,
977 4154 1031 4213 12:
1055 4151 1156 4221 „llicis
1172 4170 1217 4208 me

200 4237 302 4295 abesse
324 4237 359 4294 ab
385 4256 436 4307 eo,
458 4240 503 4316 qui
524 4256 631 4314 operae
652 4239 769 4315 pretium
787 4239 872 4307 lacit,
895 4239 977 4296 immo
1000 4248 1084 4296 totam
1101 4256 1218 4314 operam

178 4323 274 4383 ,boun
295 4321 349 4380 fide
373 4321 513 4401 perdere?
536 4323 694 4400 Exspecta:
724 4325 808 4382 ctiam
838 4322 892 4381 boc
914 4321 1009 4381 verius
1034 4321 1134 4380 dices“
1156 4333 1215 4380 etc.

201 4409 390 4479 daecanus,
422 4427 459 4468 ex
482 4409 574 4468 iniimn
596 4408 755 4487 plebecula,
785 4429 858 4489 quae
873 4407 956 4467 modo
972 4409 1113 4476 occurrit,
1138 4407 1221 4466 haud
