2574 5054
754 462 779 696 ,

416 684 827 824 tuouucouurss.L
1012 745 1112 831 erm

77 928 197 995 instsn
219 926 308 996 effert
325 925 367 993 sd
389 925 573 1012 megistri
595 921 766 992 Cornuti
787 926 966 994 distielss
993 930 1032 997 ds
1050 951 1112 1016 qno
1190 998 1196 1005 ,

81 1043 188 1096 tenes
204 1029 277 1096 sitit
291 1039 456 1116 penteres
469 1028 611 1096 treditnm
625 1028 743 1096 invenit
756 1027 915 1096 Fabricius
931 1029 1017 1115 (titt.
1031 1033 1112 1100 ned.

81 1145 116 1199 et
130 1135 190 1199 inl.
206 1130 280 1199 Lat.
296 1128 355 1219 lp.
372 1129 488 1215 1212),
511 1150 568 1197 nee
581 1152 640 1216 ego
655 1133 812 1216 quicqnsos
829 1132 914 1212 nori,
937 1143 971 1198 nt
982 1143 1112 1202 tenero·

80 1234 162 1302 ri-
175 1233 238 1313 sit,
261 1234 411 1300 offirmare
425 1254 497 1300 esse
511 1233 640 1299 enodem
655 1255 723 1298 cnm
739 1245 858 1300 nostro.

169 1335 328 1404 ssadem
347 1337 441 1423 igitur
462 1331 684 1403 Cornutum
701 1344 714 1381 ¹
734 1337 904 1422 quendem,
927 1336 977 1422 qni
993 1359 1055 1403 non
1069 1337 1114 1406 ite

80 1439 211 1506 ιι11ιιι
231 1448 301 1525 post
321 1449 460 1525 tenpore
480 1435 586 1505 Geruli
608 1435 718 1517 Geloi,
741 1450 775 1504 nt
794 1438 937 1517 ridetur,
959 1439 1058 1522 vixit,
1081 1450 1115 1507 et

80 1542 116 1607 in
138 1539 348 1609 luvenalis
369 1541 480 1607 sstiros
500 1539 615 1608 sedulis
630 1540 770 1627 scripsit,
795 1562 872 1626 quoe
887 1540 959 1607 inde
981 1559 1036 1627 pce
1049 1562 1113 1609 rne-

83 1644 168 1710 diu
190 1664 301 1711 um
323 1644 355 1710 in
382 1643 536 1715 hominurn
555 1642 694 1710 mnibus
716 1644 921 1713 versabantur
938 1653 971 1709 et
994 1664 1112 1728 corun,

82 1756 288 1831 praeposta
307 1747 345 1812 sd
367 1746 448 1812 lnne
468 1745 648 1832 scriptorem
663 1745 875 1834 cxptteontun
890 1747 1114 1836 componeban-

82 1859 155 1929 tnr,
185 1849 414 1915 lundonentnrn
436 1859 527 1915 orout
554 1859 644 1933 ntspue
665 1848 704 1913 als
733 1848 770 1914 iis
792 1870 929 1934 quoqne,
960 1852 1009 1936 qni
1032 1852 1114 1936 glos·

82 1951 169 2016 saris
188 1950 442 2039 conscripserunt
462 1950 508 2039 (in
527 1949 634 2036 putus
656 1951 900 2037 frequentissimo
920 1951 1114 2025 satiricorum

83 2064 247 2141 poetam
262 2053 377 2120 tuentio
397 2054 477 2138 est),
499 2053 679 2139 frequenter
697 2052 930 2120 eddileltnntnr.
959 2052 1115 2123 Hebenus

84 2176 163 2222 vero
191 2155 284 2223 eliste
311 2155 345 2221 in
372 2153 643 2240 Persiisstirss
664 2152 783 2228 scholio
804 2155 888 2242 hisce
907 2157 1011 2224 indole
1033 2157 1115 2227 lteol

85 2257 267 2337 dissimilis,
297 2258 335 2323 de
362 2255 470 2343 quidus
497 2268 602 2323 cetere
630 2279 748 2344 quoqne
777 2258 919 2325 similiter
944 2260 1116 2344 proedicsri

84 2372 237 2450 ponunt,
262 2381 339 2447 quoe
361 2358 489 2444 deniqne
511 2356 684 2425 Cornuti
705 2380 818 2443 nomen
839 2380 912 2447 prae
933 2382 968 2428 se
991 2364 1112 2428 ferente
1138 2410 1145 2459 p

85 2484 193 2530 nonne
208 2463 303 2550 igiter
320 2483 464 2528 sunnam
484 2461 624 2528 verinus
639 2463 771 2547 speciem
793 2463 904 2545 hebet,
926 2475 1054 2551 utruque
1077 2465 1114 2531 sd

85 2567 222 2633 cundem
238 2561 407 2631 Cornutum
423 2583 493 2630 esse
506 2565 692 2631 relerendnt
1072 2650 1076 2657 ἱ

173 2666 268 2752 Quod
290 2688 331 2733 ne
351 2667 449 2733 levius
470 2667 633 2733 indicatum
653 2658 818 2749 ridentur,
843 2669 881 2736 de
906 2658 1116 2735 commorunt

88 2770 177 2837 lunius
200 2771 235 2835 in
254 2767 396 2837 Persium
418 2781 528 2836 nature
549 2781 581 2835 et
601 2770 703 2837 indole
717 2773 890 2838 accuratius
904 2771 1115 2857 inquirendum

88 2876 159 2940 erit.
190 2869 327 2938 Primum
349 2885 450 2940 sutem
470 2874 654 2941 monendum
677 2884 743 2953 est,
767 2894 834 2940 curn
854 2875 938 2940 inter
957 2886 1116 2959 utrumque

88 2976 340 3044 cementarios
369 2976 563 3044 intercedere
593 2977 821 3058 diversitatem,
860 2977 959 3062 qnod,
990 2997 1057 3042 cum
1084 2976 1118 3041 in

88 3077 224 3146 Cornuti
237 3078 362 3146 scholiis
376 3079 413 3144 sd
427 3077 605 3146 lurennlern
621 3079 703 3146 nullu
726 3100 850 3165 nsquam
866 3081 1007 3166 antiquae
1023 3079 1117 3144 trodi-

88 3184 184 3248 tionis
206 3180 337 3266 vestigio
358 3193 542 3268 sppnneont,
569 3181 599 3246 id
621 3182 698 3267 qnod
721 3183 912 3266 antiquorum
933 3170 1117 3247 scholiorum

89 3285 280 3372 eonpmtio
296 3284 379 3350 clere
395 3286 503 3364 docet,
524 3285 557 3350 in
578 3285 803 3352 commentariis
818 3285 857 3350 od
870 3282 1011 3350 Persium
1026 3303 1118 3367 quse·

89 3389 159 3455 da·
175 3398 364 3468 occurrunt,
387 3409 464 3473 qnne
487 3408 549 3453 non
570 3387 630 3454 nisi
643 3388 682 3453 ob
696 3389 821 3473 antiquo
836 3388 1033 3472 grammatico
1049 3405 1119 3470 pro·

89 3491 185 3558 deieci
201 3499 379 3577 potnerunt.
410 3488 526 3557 Verum
548 3490 624 3556 haec
639 3511 734 3576 puocn
748 3500 820 3556 sont
835 3500 868 3556 ct
880 3488 1014 3573 apertius
1029 3489 1118 3552 etium

90 3596 305 3661 demonstrent
327 3615 472 3660 snnmcm
495 3592 705 3658 commentarii
721 3593 813 3679 longe
842 3593 993 3678 longeque
1009 3609 1116 3654 moen·

91 3699 205 3763 tiore·
234 3715 324 3762 esse:
355 3696 426 3762 inde
451 3696 545 3783 igitur
572 3695 699 3761 officinm
735 3694 871 3760 nascitur
902 3690 1119 3777 investigandi,

92 3799 173 3866 ende
196 3799 274 3865 tuce
295 3799 335 3864 ud
357 3797 526 3865 Cornutum
548 3797 757 3885 pervenerint.
794 3796 907 3883 Neque
934 3815 1010 3862 vero
1033 3791 1121 3857 huius

93 3900 283 3968 diversitatis
297 3923 389 3968 censs
403 3923 467 3967 non
481 3911 584 3989 potest
596 3901 737 3987 intelligi.
776 3897 879 3979 Nem,
901 3909 936 3964 ut
949 3897 1009 3963 inm
1025 3915 1122 3960 unno-

94 4005 248 4085 tnvinns,
265 4023 303 4071 es
316 4002 472 4072 Inrenslis
486 4004 645 4084 recensio,
658 4006 697 4070 od
713 4024 799 4090 quom
814 4002 1006 4086 antiquorum
1022 4019 1122 4084 gron·

93 4112 275 4179 uticnrnnr
288 4107 501 4198 pertinuerunt
519 4108 761 4196 explicationes,
784 4126 843 4192 qno
864 4125 937 4171 cusu
957 4101 1121 4178 nescimus,

98 4321 110 4374 l
130 4317 207 4386 Qut
224 4317 258 4370 nd
276 4330 366 4369 senen
385 4314 494 4369 Cernntl
511 4317 623 4381 tttinet,
647 4332 695 4368 non
714 4313 810 4366 inlunio
829 4311 886 4380 quis
903 4309 1049 4362 meminerit
1065 4304 1124 4358 Vir»

131 4390 189 4453 sitit
207 4385 387 4454 mutiet,
412 4392 440 4438 ct
456 4386 628 4508 scripturn,
654 4399 718 4452 qnos
733 4382 841 4449 landet,
864 4380 987 4442 Crtonls,
1007 4375 1124 4429 Terentlt

131 4466 197 4512 cett.
216 4457 253 4512 ol.
272 4455 371 4512 erun
391 4455 474 4510 suu.
492 4453 504 4510 1
533 4472 559 4526 p.
580 4456 630 4514 ttt
641 4469 699 4522 1tt·
883 4517 917 4581 i,
