2574 5054
224 732 290 806 326
475 737 609 801 SCHOL.
624 739 677 802 Au
694 739 778 802 SA‘i'.
792 740 830 815 V,
845 742 996 804 stt-52.

223 993 260 1056 V
310 913 364 973 ⁴8.
385 911 486 972 Percu
514 919 606 972 mana
631 912 712 985 uem,
741 908 771 972 id
799 921 862 986 est,
888 912 976 972 ictum
997 907 1188 983 immutabitur
1216 919 1249 970 ut

251 996 361 1075 ugilius
374 1001 401 1055 ¹2

348 1082 458 1141 onec
465 1080 538 1161 sota
560 1082 742 1164 deumflccti
751 1101 878 1162 sperare
891 1083 1054 1162 precando.

222 1167 284 1226 Seu
298 1165 522 1245 notafidclidua
538 1168 623 1228 doro.
645 1167 718 1241 Quia
737 1177 844 1228 tanturn
864 1177 983 1248 possunt
1001 1166 1130 1238 Gemriri,
1153 1184 1245 1246 quan·

222 1261 280 1311 turn
295 1262 391 1332 potest
406 1263 436 1312 et
449 1254 542 1313 Libra
557 1253 778 1314 mathematiciss
799 1252 879 1333 Ergo
900 1253 964 1333 qnia
985 1262 1035 1312 ant
1049 1254 1075 1311 in
1091 1250 1179 1311 Libra
1194 1270 1245 1310 sn·

222 1338 374 1409 mutuati,
396 1348 445 1397 aut
466 1338 494 1397 in
518 1339 600 1416 signo
623 1337 821 1411 Geminorum,
842 1340 943 1399 merito
958 1335 1131 1399 concordant
1146 1355 1244 1397 nores

224 1432 253 1483 ct
266 1423 361 1482 ommi.
391 1422 451 1482 sut
469 1425 597 1484 Geminis
611 1425 685 1484 enim
700 1425 759 1485 nuti
773 1425 801 1484 in
817 1425 945 1484 amicitiis
960 1432 1143 1504 permanent,
1166 1431 1245 1482 utet

221 1508 277 1587 ipsi
306 1506 522 1569 concordissimi
549 1509 655 1570 iratres
684 1520 759 1570 sunt.
844 1511 906 1569 Seu
927 1519 999 1568 notu
1014 1508 1181 1587 fidelibus,
1205 1503 1243 1566 ad

221 1592 402 1672 generandos
431 1591 529 1655 fideles
558 1595 633 1656 iuter
655 1614 705 1668 se,
733 1592 807 1676 quod
833 1594 985 1655 verisimile
1005 1603 1051 1656 est
1070 1594 1098 1652 in
1121 1593 1243 1671 geminis

222 1680 366 1751 existere,
382 1680 447 1759 quie
462 1699 545 1739 usum
560 1699 598 1740 ex
612 1678 720 1741 dnobus
735 1700 839 1761 corpus
855 1680 909 1740 boc
924 1682 1031 1759 siguum
1047 1690 1104 1740 est.
1133 1677 1164 1738 id
1180 1688 1241 1738 est:

220 1764 381 1843 insignum
404 1763 582 1826 Geminorum
611 1765 669 1825 iata
695 1777 795 1828 nostra
815 1764 931 1838 dividit,
958 1762 987 1824 id
1007 1775 1070 1838 cst,
1091 1761 1242 1823 dividendo

221 1851 375 1929 coniungit.
417 1849 578 1911 *Sensus
601 1850 644 1910 ab
666 1850 823 1911 Horatio
841 1857 1032 1911 ²tractus=

348 1937 423 1996 Seu
444 1935 583 2008 Libra,
605 1956 674 1996 scu
694 1957 745 1997 me
762 1939 941 2016 scorpius
962 1935 1113 2015 aspicit

348 2022 680 2081 Formidolosus.*

306 2127 357 2186 50.
378 2125 600 2204 Saturnumque
611 2144 747 2203 paoem.
770 2123 888 2185 Steiiam
907 2121 1022 2183 Saturni
1037 2140 1153 2202 gravem
1169 2140 1240 2202 pras

219 2210 327 2270 cetsris
349 2210 440 2270 stellis
462 2208 548 2282 dicit,
575 2211 720 2271 meliorans
749 2210 825 2272 Iovia
850 2208 960 2270 stollam
982 2219 1130 2269 memorat.
1165 2207 1241 2268 Num

219 2295 303 2355 steila
326 2293 440 2355 Saturni
462 2294 592 2356 malefica
611 2307 656 2356 cst
675 2296 747 2369 illis,
770 2316 886 2376 quorum
902 2294 1023 2355 namium
1038 2293 1112 2354 diem
1128 2294 1240 2374 aspicit,

218 2378 294 2440 lovis
315 2381 462 2453 benefica,
485 2400 557 2462 quae
579 2402 642 2443 cnm
663 2381 835 2454 radiaverit,
860 2380 974 2441 Saturni
997 2390 1102 2440 ostrum
1117 2381 1238 2459 frangit.

217 2465 256 2525 Et
270 2467 323 2525 hoc
339 2464 423 2527 dicit:
440 2465 471 2526 Si
487 2466 551 2548 qnid
568 2478 646 2540 erat,
662 2465 737 2548 quod
751 2467 852 2528 maium
866 2468 1015 2546 geniturae
1031 2485 1112 2526 meac
1128 2467 1240 2545 signnm

219 2544 334 2611 Saturni
353 2553 491 2625 iniceret,
512 2555 704 2633 prosperitate
724 2552 827 2615 stelias
846 2552 922 2613 Iovis
936 2562 982 2613 cst
996 2550 1151 2632 depulsum.

217 2637 381 2697 Summum
393 2656 537 2716 grauem,
561 2640 607 2720 qui
627 2649 673 2699 est
693 2639 789 2718 gravis
804 2639 832 2698 in
847 2639 948 2717 genosi
971 2638 1137 2717 utriusque,
1159 2636 1241 2695 fran-

216 2723 308 2800 gimus
329 2733 431 2782 nostru
451 2724 521 2782 Iooc
529 2767 541 2795 ,
564 2725 629 2803 quia
651 2725 724 2783 uritis
739 2733 799 2796 cst,
823 2733 872 2783 aut
889 2732 992 2783 nostro
1011 2724 1099 2796 Ioue,
1121 2722 1239 2782 favente

217 2807 374 2866 homiuibus
394 2819 423 2867 et
445 2821 629 2869 succurrente
651 2807 789 2871 adversus
811 2829 927 2889 gravem
949 2806 1116 2881 Saturnum,
1136 2817 1168 2867 nt
1183 2827 1240 2868 uon

217 2892 291 2952 sinat
305 2891 411 2952 obesse
428 2891 591 2955 Saturnum.

303 2981 354 3040 51·
380 2979 466 3055 Quod
478 2998 522 3038 mc
538 2980 595 3039 tibi
607 2987 755 3059 temperat
766 2988 899 3052 usuum,
915 2977 1077 3056 coniungit,
1088 2976 1238 3057 aequalem

216 3062 295 3122 iacit.
324 3063 385 3123 Hoc
401 3062 487 3125 dicits
510 3063 577 3124 Sive
593 3063 766 3137 sublibus,
788 3065 849 3125 sive
865 3064 916 3123 sub
933 3062 1058 3124 Geminis
1073 3073 1173 3123 nostra
1187 3082 1240 3122 us·

215 3149 310 3207 tivitas
332 3168 388 3208 uuo
411 3160 491 3209 astro
507 3150 626 3211 instrata
642 3160 706 3223 cst,
731 3148 820 3210 credo
834 3160 928 3211 tamen
943 3146 1056 3229 aliquod
1070 3158 1177 3208 astrum
1192 3167 1238 3208 mc

215 3233 268 3293 tibi
282 3232 471 3294 concordare.

299 3323 350 3382 52.
373 3321 460 3379 Milic
482 3320 628 3380 dominum
649 3321 773 3399 specics.
809 3319 915 3381 Varios
942 3318 1070 3380 homiues
1092 3319 1238 3398 exprimit,

215 3412 246 3465 et
266 3406 347 3484 quasi
367 3405 567 3484 reprehendit,
590 3416 621 3466 ct
640 3417 672 3465 nt
693 3405 787 3465 vuitus
810 3424 877 3468 cssc
899 3404 1068 3476 dissimiles,
1090 3406 1132 3464 ita
1152 3415 1236 3466 actus

215 3486 345 3551 diversos
361 3508 428 3549 esso
444 3500 597 3564 monstrat,
619 3495 679 3550 *ut
702 3490 882 3551 Horatius
898 3495 928 3549 ⁸:

357 3584 447 3654 quot
467 3578 637 3655 cupitum
660 3577 817 3650 os'vuut,
840 3577 996 3637 totidem
1016 3575 1236 3635 studiorum

299 3659 336 3719 Μ
341 3660 355 3718 i
361 3661 375 3719 l
380 3661 426 3719 ia.

213 3743 258 3804 Et
278 3744 534 3805 Terentius⁴r

301 3831 401 3907 Quot
418 3832 573 3910 capitu,
603 3839 663 3891 tot
679 3833 931 3892 sententiae*

213 3912 273 3974 Hoc
294 3913 380 3976 dicits
411 3915 479 3975 Cum
501 3918 598 3977 variae
622 3917 760 3976 homiuum
783 3916 942 3977 voluntates
965 3917 1039 3986 sint,
1068 3925 1098 3975 et
1120 3912 1235 3976 diversa

211 4001 375 4081 proposita,
389 4003 522 4082 optimum
538 4014 584 4063 est
597 4021 650 4075 ea,
665 4020 738 4083 quae
753 4000 874 4063 imbutus
888 4002 998 4075 hortor,
1017 4001 1103 4063 etiem
1119 4011 1235 4062 ceteros

214 4219 227 4272 1
246 4218 322 4285 Virg.
339 4219 404 4272 Aen.
423 4218 468 4284 Vi,
488 4220 549 4274 did.

211 4288 310 4344 2iior.
329 4304 407 4340 ceram
428 4289 460 4353 11,
481 4290 523 4351 tt,
545 4288 576 4342 17
591 4304 630 4357 sq.

212 4357 228 4409 3
247 4356 307 4408 iior.
328 4365 379 4410 sat.
398 4357 430 4422 ΙΙ,
452 4358 477 4422 i,
496 4358 529 4410 ut
542 4373 582 4425 sq.

212 4427 229 4478 i
246 4424 355 4479 Terent.
374 4426 476 4480 Phorm.
494 4426 527 4492 11,
546 4429 573 4491 i,
593 4427 635 4487 rt,
653 4426 714 4480 nisit
734 4427 805 4495 Quot
821 4427 956 4493 domsitss,
976 4430 1022 4481 tot
1038 4429 1197 4481 meratus·
