2574 5054
194 704 261 779 282
427 706 560 772 SCHOL.
581 706 635 771 AD
658 706 742 771 snt.
765 705 790 783 Ι,
814 710 962 773 58-68.

195 879 360 965 pistoribus.
380 878 443 941 Piio
458 881 531 941 enirn
546 876 620 961 npnd
634 889 751 941 veteres
767 880 907 940 frumento
921 874 1126 938 tundebantur:
1141 871 1219 938 unde

196 978 228 1029 et
249 969 373 1047 pistores
395 964 461 1026 dicti
484 975 565 1037 nunt,
586 967 669 1046 quusi
689 968 821 1045 pinsores
844 982 862 1026 n
884 961 1038 1045 pinsendo,
1057 962 1105 1023 vei
1120 981 1138 1022 n
1153 963 1220 1043 pin·

196 1050 299 1113 dendo.
341 1052 434 1112 Prindo
453 1052 526 1110 euim
549 1048 577 1110 id
599 1062 646 1112 ent
659 1049 762 1131 serio:
786 1047 910 1111 undeet
926 1050 1072 1130 pistillum
1086 1046 1219 1122 diuinus,

197 1156 253 1219 qno
268 1137 383 1197 terimus
399 1137 427 1194 in
445 1136 588 1195 mortorio.

282 1225 334 1284 59.
355 1222 419 1282 Ner
432 1240 535 1280 monus
550 1220 685 1294 mobilis,
709 1219 737 1281 id
752 1230 798 1282 est
813 1220 920 1291 inedie,
937 1217 1031 1281 doctu.
1119 1218 1217 1279 Auri·

196 1307 280 1367 wios
294 1307 398 1377 oldas,
416 1304 442 1364 id
459 1318 503 1365 est
519 1307 660 1380 usininns3
676 1308 796 1366 nennio
812 1307 889 1365 ntuiti
904 1304 1044 1365 ridentur.
1073 1303 1217 1384 Apposito

195 1390 369 1470 temporibus
390 1391 492 1470 poiiiee
513 1393 684 1452 imitantnr¹
707 1412 791 1453 eures
815 1392 887 1451 esini
910 1391 973 1449 uiiin
996 1388 1107 1469 digitis,
1135 1389 1218 1471 quud

73 1500 76 1507 ·
197 1494 312 1536 nonnum
334 1476 486 1536 incientes.
572 1479 740 1538 Anniculae
766 1478 873 1549 oldus,
903 1473 1020 1535 stolidos
1038 1480 1052 1515 ²
1071 1494 1139 1536 ense
1162 1474 1218 1534 noe

195 1561 348 1642 proverbio
368 1562 559 1640 significetur,
581 1581 619 1623 ex
640 1582 695 1645 quo
719 1562 815 1623 indutu
834 1580 945 1643 qunque
967 1558 1089 1641 prodidit
1111 1557 1217 1620 Midum

196 1647 281 1707 enimi
304 1645 397 1705 stolidi
418 1648 558 1706 asinarius
580 1647 714 1709 babuisse
736 1667 840 1721 nunes,
869 1666 940 1728 quus
967 1646 1054 1706 oldus
1075 1644 1144 1705 dicit
1163 1662 1218 1725 per

196 1727 407 1812 synecdochen.
438 1732 492 1791 Est
506 1734 580 1792 euim
595 1734 717 1794 interior
730 1752 796 1813 pars
812 1734 919 1793 nudum
934 1731 1016 1803 sibu,
1038 1742 1071 1791 ut
1083 1731 1217 1812 populun

196 1834 309 1897 quoque
332 1815 448 1876 dicimus
470 1817 580 1891 nibem,
602 1817 678 1901 quod
698 1822 794 1900 utique
816 1819 885 1880 iolin
905 1819 967 1879 eius
988 1817 1052 1878 aihu
1075 1826 1218 1877 suntuna

196 1912 294 1982 purte,
309 1901 364 1961 utin
380 1913 462 1981 parte
478 1900 588 1963 viridia.

283 1990 334 2050 60.
356 1984 414 2047 Aut
429 1986 600 2066 protendunt
614 1990 752 2069 linguam,
767 1999 898 2069 quantum
912 1988 1017 2068 Apula
1033 1989 1116 2047 ronti
1130 1985 1218 2045 mntrn

196 2071 255 2131 niti.
289 2070 327 2131 Et
341 2071 415 2133 bene
428 2074 547 2153 Aputnn
563 2094 663 2136 eonem
678 2073 761 2147 dicit,
783 2084 936 2154 propterea
958 2072 1033 2154 quod
1048 2072 1151 2153 Apuiin
1165 2089 1219 2132 ne·

196 2166 294 2217 ntnosu
310 2168 362 2217 est.
392 2158 483 2219 Etiam
499 2159 554 2220 hoc
569 2180 661 2240 genus
675 2158 785 2220 ridendi
801 2171 855 2221 est.
877 2160 952 2221 Num
966 2160 1059 2219 *trin
1073 2178 1143 2237 gen
1153 2175 1218 2218 ern

196 2253 283 2302 tout
303 2260 519 2305 sennarum:
542 2256 603 2305 uut
624 2265 724 2305 manu
742 2250 756 2286 ³
776 2246 1007 2327 significare
1029 2245 1218 2315 ciconiam,

195 2329 469 2388 uutuurieuiuo
485 2332 599 2404 asini,
621 2342 685 2391 not
704 2330 863 2411 linguam
885 2332 1061 2392 sitientis
1077 2324 1219 2391 unuin!

284 2415 417 2488 Tantae,
434 2413 461 2474 id
477 2428 521 2477 est
534 2428 639 2477 tuntum
654 2419 795 2498 proiatne.

282 2502 333 2562 61.
357 2502 389 2559 V
385 2520 417 2560 os
433 2504 609 2580 opntricins
622 2504 766 2583 rangeri,
789 2523 841 2563 vos
863 2503 951 2582 igitur
966 2501 1052 2561 nobili
1068 2500 1132 2560 ioco
1146 2498 1220 2573 nuti,

196 2602 313 2664 quorum
326 2585 385 2644 vitu
401 2605 438 2645 ex
453 2591 469 2627 ⁴
482 2586 568 2649 debet
583 2607 668 2662 ense,
689 2591 736 2671 qui
755 2586 853 2649 videre
877 2585 943 2668 quid
966 2598 1082 2667 ntergo
1096 2586 1147 2647 dut
1159 2604 1219 2646 nen

197 2669 323 2741 curatis,
345 2667 411 2730 dete
426 2692 558 2752 operum,
573 2684 674 2733 utnon
689 2671 884 2734 deridenmiui.

282 2758 320 2818 61
339 2774 382 2835 sq.
416 2757 494 2833 Quos
517 2760 615 2818 uiuere
628 2757 686 2839 sos
708 2769 756 2818 est
774 2761 896 2838 occipiti
914 2779 1019 2832 cneco,
1042 2754 1072 2818 id
1086 2765 1150 2829 est,
1163 2773 1219 2814 ven

196 2858 267 2983 pnes
289 2840 447 2901 insertio
472 2845 603 2924 occipitio
627 2845 725 2904 oruion
748 2866 802 2904 non
825 2844 944 2907 hebere.
1044 2842 1220 2921 Ocerpitrirnr

215 2924 299 2984 initur
312 2929 454 3006 posterior
469 2946 535 3008 pers
551 2928 667 3008 cupitis,
693 2931 825 3009 srireiput
838 2931 974 2991 anterior.
997 2927 1041 2991 Ar
1057 2929 1082 2989 ni
1097 2925 1220 3000 diceret,

196 3010 244 3091 qui
265 3031 320 3071 uon
344 3014 455 3073 sentitis
476 3033 527 3072 vos
549 3033 566 3073 n
589 3024 672 3093 tergo
695 3014 817 3077 irrideri.
914 3017 1050 3076 Ponticae
1070 3014 1220 3074 eccunite

194 3114 327 3170 nonnae,
350 3095 379 3156 id
401 3108 447 3158 est
468 3099 606 3172 irrisioni3
629 3102 676 3180 qui
706 3103 853 3161 nonestis
876 3099 953 3174 Iani,
988 3121 1042 3162 nee
1064 3099 1221 3181 potestis!

195 3190 280 3261 tergo
295 3184 370 3242 risus
384 3181 500 3255 videre,
525 3184 612 3244 nolite
627 3206 679 3244 vos
694 3184 864 3247 deridendos
880 3187 1033 3266 praebere.
1120 3184 1221 3245 Posti·

196 3286 270 3339 eue,
287 3269 307 3329 i.
325 3288 352 3329 e.
369 3278 435 3348 post
449 3269 555 3329 inrue.
585 3270 701 3352 Antiqui
716 3274 756 3332 itn
772 3274 849 3332 ioren
865 3273 1030 3351 templorum
1046 3271 1092 3332 vel
1107 3267 1220 3330 sedium

196 3350 330 3414 dixerunt
344 3355 454 3414 nntiens
469 3365 500 3414 et
513 3354 649 3432 posticas.
677 3359 811 3418 Poeticae
827 3377 898 3437 ergo
912 3377 1043 3429 nonnae,
1068 3375 1140 3437 quoe
1156 3355 1187 3414 tit
1200 3375 1220 3414 n

195 3440 349 3520 posteriori
364 3449 456 3521 purte.
479 3442 634 3501 *Sanno
651 3450 771 3503 nutem
786 3441 934 3517 dieitur
955 3464 995 3503 os
1016 3441 1219 3503 distortum

196 3543 273 3586 eunt
300 3527 423 3586 vultur
454 3522 549 3606 quod
569 3526 746 3601 iacimus,
769 3549 847 3588 eum
870 3530 967 3589 niios
990 3525 1218 3589 deridemus.

196 3607 283 3672 lude
318 3612 529 3672 sanniones
564 3608 676 3686 dieti,
720 3615 781 3694 qui
812 3635 882 3675 uon
911 3625 1055 3676 rectum
1083 3612 1218 3673 vultum

196 3694 398 3757 habeant*

282 3786 323 3844 63
331 3802 393 3864 sqq.
419 3784 492 3859 Quis
502 3783 611 3862 populi
621 3803 717 3843 sermo
739 3789 808 3844 est?
830 3780 876 3844 Ad
891 3785 953 3845 eius
967 3802 1117 3864 personum
1132 3778 1218 3854 redit,

196 3885 278 3947 quum
299 3868 430 3948 superius
453 3868 566 3928 iecerat
587 3865 746 3930 dicentem:
778 3889 878 3930 oerum
905 3870 980 3929 midi
998 3870 1085 3928 dr'cite
1107 3870 1143 3927 de
1164 3886 1218 3927 sne.

228 4049 300 4103 istor
319 4052 423 4119 digitos
439 4059 528 4120 agunt
551 4052 589 4105 ad
609 4054 768 4121 inferiorem
788 4063 900 4123 parturn
923 4071 1004 4108 manu
1028 4054 1161 4105 inclinatu
1183 4078 1218 4090 -

195 4186 210 4241 ¹
228 4126 437 4240 trpppprreponton't
447 4149 482 4160 —
490 4123 637 4190 perfodiri
647 4124 807 4178 uiuentium.

267 4204 454 4255 rmum&

192 4255 211 4311 2
228 4257 344 4309 stolidos
358 4258 430 4323 vulg.

194 4324 312 4378 'monn
330 4325 382 4378 dei.
402 4325 433 4378 C.
452 4327 542 4379 Barth.
561 4327 581 4379 1.
600 4328 620 4380 Ι.

194 4394 381 4463 tempium
398 4396 467 4449 ooni.
486 4396 586 4451 Vonek.
605 4399 624 4451 1.
644 4398 664 4450 Ι.
683 4415 708 4467 p.
730 4399 788 4453 17³.
