2574 5054
191 758 288 803 osum
337 741 340 745 ’
522 726 884 796 ttotncotturts.

193 904 381 985 Cornutum,
402 923 489 988 mem
504 899 634 968 Nerone
648 902 831 988 imperatore
845 910 983 966 moturae
997 902 1108 968 aetatis
1122 903 1219 969 luisse

192 1018 332 1085 constat,
360 1016 392 1070 et
412 1015 484 1070 anto
504 1001 657 1082 Probum,
680 1024 768 1088 quem
790 1000 897 1070 eodem
912 1014 1049 1090 tempore
1065 1005 1219 1090 incepisse

193 1121 277 1176 certe
298 1107 521 1195 grammaticam
544 1124 694 1171 exercere
715 1104 846 1184 scimus,
869 1103 1031 1192 Virgilium
1058 1109 1221 1173 annotavit

192 1213 342 1276 Aemilius
365 1213 485 1296 Asper,
518 1207 652 1272 ciusdem
674 1206 743 1272 aevi
765 1208 858 1273 fuerit
878 1228 1007 1275 necesse
1033 1221 1092 1274 cst.
1130 1208 1220 1274 llano

193 1312 426 1399 disputationem
449 1309 572 1375 nonita
594 1309 687 1373 firmis
709 1309 895 1392 argumentis
916 1311 991 1390 niti,
1020 1321 1054 1376 ut
1067 1311 1162 1396 sucu,
1193 1312 1219 1377 si

194 1417 314 1501 quando
338 1434 418 1480 nove
440 1412 573 1477 subsidia
597 1411 713 1496 prolata
737 1412 871 1490 furunt,
902 1413 1000 1478 everti
1019 1414 1132 1497 possit,
1156 1435 1218 1477 non

195 1539 242 1581 mc
258 1517 352 1602 lugit,
370 1516 423 1580 sed
440 1514 489 1577 ubi
505 1513 564 1578 alin
580 1512 734 1591 deliciunt,
751 1514 803 1579 vel
817 1515 901 1579 hisce
917 1515 1059 1579 utendum
1075 1516 1179 1599 putavi
1195 1523 1218 1575 ¹.

196 1617 351 1685 0btinebo
373 1616 486 1703 igitur,
509 1613 546 1678 ab
568 1610 625 1679 hac
641 1624 726 1699 parte
741 1614 816 1679 nihil
832 1616 973 1694 obstare,
997 1617 1069 1700 quin
1083 1638 1102 1682 a
1117 1615 1220 1681 Probo

195 1718 323 1806 Berytio
338 1718 412 1783 laec
427 1717 543 1783 scholia
558 1717 693 1801 prolecta
707 1717 786 1796 sint,
810 1738 890 1801 quae
909 1728 1015 1804 postea
1032 1730 1174 1805 corrupta
1189 1730 1222 1783 et

197 1831 356 1899 contractu
372 1838 440 1885 esse
456 1830 574 1905 repeto.
606 1815 722 1883 Verum
737 1828 856 1883 restant
869 1821 919 1884 vel
934 1819 978 1884 sic
992 1820 1134 1904 antiquae
1150 1842 1221 1886 eru·

195 1923 320 1989 ditionis
334 1921 410 1987 satis
426 1921 508 1986 clara
529 1919 679 2004 vestigia,
703 1929 735 1984 et
755 1920 822 1986 sola
843 1921 894 1986 illa
916 1920 1075 1986 annotatio
1096 1925 1135 1987 sd
1159 1924 1220 1989 ecl.

196 2022 256 2103 Vl,
273 2022 313 2087 31
343 2022 478 2088 ostendit
505 2023 671 2087 doctrinam
693 2020 881 2104 grammatici
903 2033 934 2086 et
955 2034 1097 2090 accurate
1120 2025 1221 2111 dispu-

198 2126 283 2192 tandi
303 2126 465 2192 rationem.
500 2121 617 2187 Eodem
646 2124 819 2189 luculenter
843 2124 1049 2205 demonstret,
1073 2126 1143 2210 qnid
1166 2128 1219 2205 sit,

196 2228 280 2312 qnod
292 2226 359 2292 aliis
375 2225 450 2291 loeis
465 2245 483 2287 a
500 2221 633 2305 Servio,
657 2236 690 2289 ut
703 2224 852 2303 vidimus,
876 2241 1024 2310 quaerere
1045 2229 1082 2292 de
1097 2248 1132 2294 re
1148 2250 1222 2313 qua·

197 2333 264 2395 dum
282 2327 391 2396 dicitur
405 2325 536 2391 Probus.
560 2323 642 2391 Nam
656 2326 698 2391 ita
712 2327 780 2412 ipse
795 2327 1025 2414 disputationem
1042 2331 1220 2394 exorditur:

196 2431 358 2498 Hactenus
386 2427 542 2504 breuiter,
570 2446 672 2506 nunc,
708 2437 746 2491 et
764 2431 864 2494 omnr's
884 2433 1023 2516 quaestio
1052 2440 1221 2510 mactetur,

198 2533 382 2620 pasceretur,
420 2550 461 2594 on
486 2538 583 2614 poeta
610 2537 761 2615 quattuor
788 2523 864 2594 solis
894 2532 926 2595 st
953 2529 1003 2595 lis
1025 2533 1058 2596 ios
1079 2533 1221 2598 omnibu

193 2634 354 2720 pn'ssmps'a
368 2653 473 2696 rerum
488 2634 651 2695 conuenire
665 2631 839 2717 confirmet,
856 2643 888 2697 et
901 2631 1061 2721 posteu(p.
1072 2624 1136 2699 353
1144 2633 1220 2718 L.)=

203 2734 396 2816 &emamus
419 2734 521 2818 igitur
542 2752 583 2796 on
605 2741 638 2802 ct
656 2733 704 2796 ios·
720 2734 807 2797 sicut
825 2733 878 2799 lic
898 2743 1049 2820 quattuor
1062 2738 1223 2822 prs'ncr'pia

199 2835 355 2920 designet.
380 2830 415 2897 In
431 2834 489 2899 hac
505 2834 708 2921 disputatione
724 2836 762 2902 dc
778 2845 918 2921 quattuor
932 2838 1091 2902 elementis
1105 2840 1224 2922 quaemt

199 2946 232 3003 et
245 2937 400 3019 congestis
415 2936 553 3001 omuibus
569 2934 691 3020 Virgilii
711 2937 808 3017 locis,
837 2938 889 3021 qui
908 2938 946 3003 ad
970 2940 1048 3004 lianc
1067 2940 1224 3023 quaestio-

200 3058 268 3103 nem
284 3049 440 3123 spectant,
464 3038 625 3122 diligenter
646 3039 678 3102 in
697 3038 817 3124 singula
837 3040 960 3123 inquirit
974 3051 1007 3106 et
1019 3040 1154 3107 adhibita
1169 3064 1225 3108 sn·

198 3141 348 3225 tiquorum
370 3142 550 3226 scriptorum
572 3140 684 3224 insigni
705 3141 810 3226 copia,
834 3152 924 3225 etque
945 3139 1134 3208 Graecorum
1150 3162 1224 3228 quo-

199 3260 257 3328 que
271 3241 514 3328 philosophorum
531 3248 545 3283 ²
559 3252 591 3306 et
604 3252 761 3327 poetarum
775 3241 959 3309 testimoniis
973 3256 1116 3310 accurato
1131 3264 1224 3311 enar·

200 3344 275 3409 rotis
290 3363 410 3410 omnem
425 3365 489 3410 rem
504 3342 1108 3432 summadiligentiaatquocuracxponit.
1125 3344 1222 3413 Tales

201 3446 396 3530 quaestiones
410 3447 444 3524 ii,
461 3445 510 3530 qui
525 3457 632 3531 posteo
645 3454 765 3532 poetam
777 3447 982 3532 explicarunt,
997 3444 1087 3521 facile
1098 3449 1223 3532 negotio

200 3549 372 3633 discerpere
388 3551 510 3632 sumque
525 3548 602 3613 loeis
617 3547 736 3630 singula
751 3566 903 3633 apponere
921 3559 1096 3635 potuerunt.
1134 3546 1224 3632 Quae

200 3650 269 3716 huie
283 3661 384 3717 entem
399 3650 510 3716 similia
522 3650 586 3714 sint
606 3649 786 3715 eruditionis
806 3650 893 3736 copia
914 3660 947 3717 et
968 3650 1138 3738 disputandi
1157 3650 1225 3716 dili·

235 3854 283 3906 loe
300 3856 412 3919 dicitur,
437 3854 494 3907 curn
518 3855 556 3907 slt
578 3851 667 3907 Ulixes
684 3854 767 3906 hostis
784 3855 905 3906 Aeneae!
932 3853 1049 3921 Asper.
1077 3842 1134 3908 lios
1152 3854 1226 3907 iude·

234 3939 314 3987 rore,
332 3926 377 3976 sed
396 3925 526 3992 pathetica
544 3961 552 3976 .
572 3960 580 3975 .
601 3961 608 3976 .
628 3924 778 3991 mugnidce,
804 3925 925 3991 qnoniam
941 3926 1030 3976 sedern
1044 3924 1181 3976 erroribus
1198 3932 1226 3976 st

251 3993 356 4043 ericulls
374 3993 521 4059 petiebatur
540 3995 650 4045 Aeneas.

202 4060 216 4113 l
249 4060 297 4110 nde
316 4077 365 4111 non
384 4061 492 4113 refutari
511 4076 585 4129 posse
603 4062 668 4113 lanc
685 4059 837 4112 senteutiam
855 4068 931 4129 puto,
958 4058 1024 4127 quod
1048 4059 1156 4112 Servium
1179 4060 1224 4126 (sd

234 4126 329 4192 Georg.
350 4128 370 4191 l,
388 4129 452 4196 777)
469 4130 577 4183 Probum
597 4130 709 4182 Cornuto
727 4144 787 4197 prae
805 4129 877 4194 onis,
898 4129 973 4182 cuius
991 4129 1017 4180 iu
1036 4129 1084 4181 lme
1101 4144 1131 4181 rs
1148 4128 1224 4194 longo

234 4198 320 4247 minor
336 4199 480 4249 auctoritas
498 4205 556 4262 ost,
575 4214 650 4265 quan
668 4198 760 4251 seloll.
779 4146 875 4250 derso.

200 4263 328 4322 tobitsr
355 4279 460 4327 moneo,
493 4281 560 4333 quas
587 4282 603 4318 e
629 4264 744 4319 Plutonis
776 4267 843 4318 libro
871 4268 936 4335 sapt
962 4262 1051 4335 pogiis
1079 4265 1227 4318 efferuntur

233 4335 273 4454 Ι(ρ.
293 4333 344 4388 352
356 4332 418 4397 ln),
436 4334 487 4400 legi
506 4335 532 4387 in
549 4334 685 4388 Phaedone
702 4353 727 4404 p.
747 4330 779 4390 ll
793 4336 841 4402 tt,
860 4335 926 4403 epod
943 4333 1052 4388 Prolem
1070 4342 1157 4388 seton
1175 4351 1225 4387 non

246 4410 336 4468 secem
352 4409 468 4456 murs.
996 4450 999 4457 Α
1061 4447 1065 4454 .

1199 4566 1210 4598 Ι
