2574 5054
189 733 253 800 17⁴
532 734 617 798 Sll'l'.
633 734 683 809 Ν,
697 740 740 802 28
754 769 796 785 -
812 741 862 802 31.

188 907 226 970 1..
243 906 278 979 11,
293 908 366 980 216,
381 908 423 969 27
437 904 470 966 B.
485 925 516 968 n.
536 908 607 980 105,
621 909 664 971 27
678 906 748 982 Μ),
768 916 800 967 et
814 906 885 966 Cato
908 911 945 983 (r.
961 925 985 966 r.
1001 910 1054 979 57)
1070 909 1214 987 compita·

188 992 261 1053 libna
275 994 332 1051 vini
347 992 464 1070 congios
481 992 600 1071 singulis
623 994 716 1052 servis
732 1012 817 1071 supra
832 990 860 1051 id
878 990 951 1073 qnod
967 990 1091 1072 qnoddie
1106 994 1144 1052 iis
1159 991 1214 1052 da·

187 1078 273 1139 batur
292 1077 426 1157 praeberi
448 1077 536 1138 iubet.
579 1077 680 1156 Longe
703 1077 787 1137 aliter
808 1078 854 1137 bic
874 1097 989 1138 avarus.
1029 1079 1215 1158 Quandoque

188 1164 310 1245 positum
326 1172 372 1223 est
385 1181 437 1242 pro
454 1164 703 1243 quandocunque,
726 1173 757 1222 nt
771 1162 808 1235 V,
824 1167 865 1226 73
881 1166 1003 1243 quisque
1017 1183 1069 1242 pro
1085 1167 1214 1242 quicun-

189 1269 264 1329 que,·
286 1250 324 1308 61.
341 1267 411 1328 quos
434 1248 517 1306 allent
531 1248 617 1309 ilaus.
641 1247 677 1307 ad
692 1247 802 1326 Reisig.
819 1268 863 1327 gr.
880 1249 929 1309 lat.
947 1269 975 1328 p.
992 1253 1064 1320 352,
1081 1247 1214 1308 adbibita

188 1333 380 1414 disputatione
401 1331 537 1412 Madvigii
558 1330 605 1406 (ad
628 1334 688 1394 Cio.
708 1331 744 1392 de
766 1334 832 1392 lion.
848 1353 913 1393 exc.
928 1334 969 1394 Vl
989 1355 1017 1414 p.
1035 1337 1096 1396 846
1120 1339 1211 1415 sopp).

192 1421 338 1498 Compita,
356 1417 402 1477 ubi
416 1420 480 1478 viae
496 1429 659 1497 competunt
673 1417 778 1492 (Varro
792 1417 827 1478 L.
843 1418 878 1478 L.
894 1419 944 1491 Vl,
959 1423 1011 1491 25,
1026 1419 1065 1478 61.
1081 1418 1211 1498 Pbilarg.

188 1503 225 1564 ad
239 1505 320 1582 Virg.
338 1502 446 1581 Georg.
470 1503 505 1576 ll,
525 1508 599 1577 382)
623 1523 711 1583 saepe
733 1502 769 1563 de
785 1524 870 1577 areu,
887 1506 933 1584 qni
948 1504 985 1564 ibi
1001 1524 1063 1563 cnm
1078 1502 1213 1564 aedicula

189 1588 334 1665 aedificari
358 1589 470 1648 solebat
492 1587 583 1662 (Grut.
610 1593 681 1662 107,
705 1594 732 1651 1.
755 1589 842 1651 Fabr.
867 1593 947 1663 232,
964 1594 1049 1661 610),
1066 1600 1211 1669 pertusa,

188 1677 297 1756 pervia,
320 1676 385 1754 quia
406 1675 434 1733 in
458 1694 557 1734 omnes
572 1685 669 1753 partes
684 1685 792 1754 patent.
837 1675 1053 1753 Iugumfigere
1074 1677 1140 1755 quin
1160 1695 1213 1735 re·

188 1763 282 1841 quiem
298 1780 315 1818 a
331 1759 584 1838 laboresignilioet,
600 1772 710 1819 nonest
720 1758 842 1832 dubium,
858 1759 996 1840 66666666
1012 1759 1211 1839 explicandum

190 1847 228 1906 ait
241 1854 339 1925 potest
352 1855 446 1904 tannen
462 1845 574 1922 ambigi.
599 1843 695 1904 Scbol.
711 1855 787 1905 toste
810 1847 940 1906 solebant
954 1846 1099 1924 agricolae
1115 1846 1211 1905 fracta

189 1933 374 1990 initiamenta
389 1931 417 1988 in
433 1931 561 2010 compitis
584 1928 758 2010 suspendere
774 1941 804 1990 ct
818 1950 1004 2001 consecrare,
1020 1929 1094 2011 qnod
1110 1951 1210 2011 quam·

189 2018 236 2076 vis
249 2016 316 2075 alibi
331 2015 449 2075 relatum
473 2036 529 2074 non
551 2017 589 2073 sit
609 2017 637 2074 in
660 2017 750 2075 sacris
781 2017 977 2096 compitaliciia
1000 2016 1104 2076 lactum
1129 2035 1209 2088 esse,

189 2099 263 2162 baud
284 2101 356 2161 male
377 2111 471 2159 tamen
494 2099 635 2180 quadrare
655 2099 768 2160 videtur
789 2122 851 2161 cnm
875 2121 953 2160 mora
977 2102 1048 2181 pilas
1064 2113 1094 2161 et
1108 2102 1209 2162 laneas

189 2187 302 2264 effigies
318 2204 369 2266 pro
385 2186 523 2245 bominum
540 2186 630 2245 salute
646 2187 751 2245 laribus
767 2185 957 2266 suspendendi
973 2188 1024 2260 (61.
1040 2186 1119 2246 Fest.
1136 2207 1161 2246 s.
1178 2207 1208 2246 v.

185 2273 269 2351 pilae
279 2273 405 2344 laneae).
428 2271 470 2330 lta
484 2270 621 2331 Veianius
636 2291 713 2331 arma
728 2270 765 2331 ad
779 2284 888 2351 postem
905 2271 1033 2332 llerculis
1049 2272 1110 2330 lixit
1125 2271 1206 2346 (llos.

189 2356 1209 2521 61111..16661111(1116116666

191 2529 270 2588 6116
293 2526 476 2586 ruricolarum
498 2527 578 2585 feriis
600 2527 682 2586 boum
704 2529 845 2605 ingerite
875 2528 1029 2587 solvuntur.
1071 2530 1210 2587 Serielae

190 2612 317 2674 vinariae
341 2611 470 2685 (ferent.
493 2611 595 2670 lleaut.
617 2612 664 2682 ΠΙ,
689 2618 718 2685 1,
741 2618 793 2686 51)
812 2623 938 2672 ueterem
954 2615 1067 2686 labsum,
1090 2614 1137 2693 qui
1160 2610 1208 2671 diu

189 2708 301 2759 servate
317 2695 447 2756 adhaesit
470 2695 553 2769 (llor.
579 2707 634 2755 sat.
649 2697 685 2769 ll,
706 2702 738 2769 1,
753 2702 806 2772 80)
830 2700 975 2758 deradere
992 2708 1134 2770 metuens,
1150 2717 1208 2756 nen

190 2784 244 2844 nisi
259 2801 347 2861 aegre
363 2779 677 2855 16661666(61.116661.
694 2794 747 2842 sat.
763 2782 800 2856 ll,
815 2787 845 2855 5,
861 2788 902 2845 65
917 2786 1067 2843 metuentis
1083 2781 1208 2843 reddere

190 2867 321 2941 eoldum),
337 2867 472 2944 ingemit,
490 2864 563 2947 qnod
585 2886 647 2927 cnm
663 2867 772 2927 laetitia
787 2869 940 2928 exclamari
955 2869 1040 2941 solet,
1055 2871 1119 2948 quia
1133 2868 1208 2927 inri-

188 2967 234 3017 tus
249 2955 341 3013 616666
363 2953 482 3031 premit,
510 2953 575 3011 Hoc
588 2953 659 3012 bene
673 2955 721 3012 sit.
759 2957 838 3012 dene
857 2974 920 3013 esse
939 2973 990 3034 pro
1012 2955 1087 3014 laute
1107 2955 1207 3014 rivere

189 3041 230 3102 61.
249 3038 337 3098 Plant.
362 3037 428 3096 Cas.
452 3035 487 3108 11,
504 3041 533 3109 3,
550 3041 608 3099 3⁷:
632 3036 684 3097 Ubi
707 3039 747 3097 illi
762 3039 835 3099 bene
855 3041 892 3098 sit
906 3039 994 3117 liguo,
1016 3059 1087 3120 aqua
1103 3037 1206 3110 calida,

188 3125 264 3196 cibo,
285 3123 471 3183 vestimentis.
494 3122 563 3182 llor.
586 3132 642 3184 sat.
664 3124 699 3193 ll,
721 3127 752 3195 2,
776 3121 838 3186 130
859 3144 919 3203 sq.:
956 3124 1036 3184 Bene
1065 3135 1129 3183 erat
1149 3144 1205 3183 non

188 3210 313 3293 piscibus
329 3209 399 3267 urbe
421 3208 535 3286 petitis,
558 3206 616 3267 Sed
637 3206 714 3287 pullo
735 3220 820 3288 atque
843 3208 945 3268 baeda.
969 3207 1049 3269 0vid.
1073 3209 1139 3268 1661.
1155 3209 1205 3280 lV,

188 3301 262 3361 399.
278 3292 384 3353 Eadem
408 3293 610 3352 acclamatione
632 3294 704 3353 bene
728 3297 788 3353 eit!
820 3294 951 3353 bibentes
974 3295 1141 3365 utebantur,
1165 3294 1204 3354 61.

188 3381 279 3443 Plaut.
296 3378 376 3438 Pers.
392 3377 428 3449 V,
447 3383 475 3448 l,
499 3382 550 3439 20.
574 3376 666 3438 Sticb.
690 3378 727 3450 V,
742 3385 773 3450 l,
795 3383 847 3442 27.
861 3380 923 3438 Tib.
947 3378 982 3449 ll,
1008 3386 1036 3451 1,
1052 3384 1103 3442 32.
1120 3376 1203 3439 0vid.

188 3466 225 3528 A.
241 3466 277 3527 Α.
294 3465 323 3535 l,
340 3467 412 3526 601.
436 3463 562 3534 166111,
585 3467 657 3525 635.
683 3466 791 3542 Caspe,
814 3467 860 3544 qui
883 3474 929 3522 661
949 3464 1073 3542 vulgaris
1096 3475 1126 3522 et
1139 3465 1205 3524 vilis

188 3552 268 3614 cibus
285 3548 368 3624 (Hor.
391 3567 456 3626 epp.
481 3547 504 3619 l,
527 3552 577 3618 12,
592 3552 665 3619 21),
689 3551 867 3619 tunicatum,
885 3569 947 3608 cum
962 3550 1048 3629 pelle.
1084 3549 1162 3609 ldem
1178 3570 1205 3607 r.

189 3640 307 3699 tunicae
317 3653 386 3693 naus
401 3631 475 3712 apud
489 3633 585 3692 laven.
601 3632 768 3718 11111653,
783 3637 878 3694 tunica
893 3634 1022 3713 lupinae3
1041 3633 1113 3693 Stat.
1131 3634 1202 3694 Silv.

188 3724 239 3796 lv,
255 3727 285 3794 9,
300 3723 351 3790 29,
374 3718 520 3777 bulborum
541 3719 663 3777 tunicae.
698 3719 957 3796 Ollumfarratem
978 3718 1114 3780 audacter
1135 3719 1207 3779 dixit

188 3810 281 3878 ollam,
297 3809 325 3865 in
344 3822 399 3884 qna
411 3801 559 3881 farrata,
583 3813 614 3861 ut
628 3805 667 3862 ait
682 3803 821 3863 luvenalis
838 3804 900 3876 (Xl,
917 3809 1000 3878 109),
1015 3805 1077 3884 puls
1091 3825 1108 3865 6
1124 3805 1205 3864 farre

188 3892 392 3974 apponebatur,
408 3888 594 3966 agricolarum
611 3889 690 3948 cibus
707 3889 776 3961 (luv.
793 3890 871 3961 XlV,
890 3895 972 3962 171).
1009 3890 1088 3949 llanc
1100 3893 1220 3968 puero,

188 3982 274 4049 servi,
291 3976 337 4057 qni
352 3992 456 4033 summa
472 3974 586 4032 lieentia
600 3975 628 4033 in
643 3974 697 4033 boe
713 3975 788 4033 festo
804 3976 979 4047 fruebantur,
989 3971 1168 4055 plaudenti.
1177 3995 1205 4034 e.

189 4085 251 4126 cnm
265 4064 365 4143 plausu
380 4060 539 4137 excipiunt,
563 4069 593 4117 ut
609 4058 724 4118 Ovidius
741 4059 839 4130 (16161.
856 4059 906 4132 lv,
922 4063 952 4132 3,
968 4064 1039 4133 49)6
1077 4060 1205 4119 manibus

188 4142 430 4228 circumplaudere
453 4153 580 4216 tuornm3
604 4142 711 4203 Statius
735 4142 816 4218 (Silv.
843 4144 882 4217 V,
899 4149 929 4216 3,
946 4149 1037 4218 tam:
1065 4144 1129 4204 Nec
1145 4146 1205 4205 lra-

188 4248 261 4296 trem
276 4240 376 4293 caestu
390 4226 495 4287 virides
510 4230 642 4308 plausere
657 4230 836 4308 Therapnae.
861 4228 996 4292 Similiter
1010 4228 1083 4289 idem
1100 4231 1205 4303 (Theb.

188 4321 239 4394 lv,
256 4324 323 4392 lllz
345 4314 461 4373 Bellona
477 4312 583 4393 plaudit
597 4334 696 4395 equos,
712 4313 883 4394 qnodscbol.
901 4316 1040 4395 explicat:
1061 4316 1206 4394 plausibus

189 4407 306 4469 excitat.
331 4401 463 4461 Ceterum
485 4399 524 4458 cl.
540 4399 672 4479 Calpnrn.
690 4401 745 4460 ecl.
765 4398 814 4468 lV,
839 4406 898 4464 125
922 4421 982 4481 sq.:
1021 4401 1113 4480 thue
1128 4401 1205 4460 bono
