2574 5054
425 819 509 882 SAT.
532 821 554 895 1,
569 825 610 885 83
625 853 667 868 -
682 826 734 885 87.
1030 819 1090 887 tot

72 1011 185 1075 quanm
200 988 294 1052 dativo
309 991 421 1065 utimur,
437 1011 530 1073 quem,
554 993 686 1064 sinclis,
709 989 846 1052 commodi
867 1012 963 1053 voees.
990 991 1092 1075 Neque

72 1080 225 1141 enimcum
244 1075 349 1136 IIaario
371 1073 418 1152 (ad
434 1075 544 1157 Reisig.
567 1097 611 1157 gr.
628 1078 677 1138 lat.
701 1078 793 1157 §379
814 1098 844 1157 p.
862 1081 936 1152 681)
954 1080 1094 1158 perstate

73 1165 171 1245 capiti
183 1165 304 1242 iungam.
326 1160 424 1241 Auget
437 1164 605 1241 gravitatem
620 1165 678 1235 rei,
701 1160 775 1244 quod
790 1183 880 1224 senex
893 1173 947 1234 est,
967 1165 1014 1244 qni
1030 1162 1094 1224 dnm

73 1248 229 1330 pericnlum
243 1244 399 1308 defendere
415 1245 519 1320 studet,
535 1259 629 1309 tamen
644 1247 672 1308 id
689 1249 862 1328 potissimum
878 1248 954 1328 ugit,
977 1259 1008 1309 nt
1024 1250 1094 1310 arti·

73 1335 172 1395 dolose
195 1334 326 1413 loquatur
350 1344 380 1393 et
399 1331 570 1393 audientium
596 1333 706 1394 landem
735 1345 924 1414 assequatur,
945 1336 1028 1415 quale
1049 1346 1096 1395 est

74 1419 142 1481 illud
157 1420 306 1490 decenter,
322 1416 396 1499 qnod
410 1418 503 1478 solent
515 1419 673 1479 acclamare
690 1425 730 1493 (v.
745 1417 781 1478 ad
797 1439 824 1479 v.
845 1424 912 1494 tt).
956 1421 1095 1501 Tepiduee

75 1515 169 1566 autem
185 1501 213 1564 id
226 1514 320 1574 vocnt,
337 1504 471 1583 quianon
487 1505 653 1565 animivere
669 1507 800 1564 commoti
813 1516 875 1576 est,
895 1515 926 1564 nt
942 1518 1095 1586 exspectes

74 1593 103 1650 iu
116 1590 166 1649 tali
177 1609 256 1660 casn,
265 1587 318 1648 sed
332 1588 483 1648 affectatae
495 1589 688 1649 admirationis
697 1591 952 1672 ostentationisque
967 1592 1095 1670 signum

75 1694 145 1736 uere
161 1685 254 1735 auten
276 1673 462 1747 Quintilianus
480 1674 566 1748 (vill,
588 1680 617 1746 3,
635 1679 704 1747 tet:
736 1675 788 1735 Ubi
809 1695 857 1736 res
872 1678 975 1755 agitur,
998 1679 1096 1758 inquit,

76 1773 107 1821 et
125 1779 195 1820 vera
216 1757 360 1819 dImIeatio
382 1771 445 1831 est,
468 1762 579 1820 ultimus
603 1763 640 1819 sit
656 1761 748 1823 lamae
767 1760 863 1834 Iocns3
877 1763 916 1821 cl.
932 1760 983 1832 XI,
998 1769 1027 1833 1,
1044 1766 1095 1825 30.

75 1846 241 1925 Exemplum
253 1846 336 1905 sumit
353 1865 370 1904 a
383 1846 493 1919 Pedio,
508 1848 553 1927 qui
561 1848 721 1925 gravissimi
733 1847 856 1906 criminin
872 1866 956 1921 rens,
972 1867 1027 1906 nou
1041 1858 1097 1908 tem

76 1933 131 1991 hoc
147 1930 255 1992 diluere
271 1941 399 2002 conatur,
412 1951 493 2012 mam
507 1942 598 1992 artem
614 1943 771 2004 ostentare,
779 1944 808 1993 et
819 1934 848 1991 in
864 1951 940 1993 earo
957 1931 1096 1993 landatur.

76 2019 185 2077 Pedius
205 2015 242 2077 ab
262 2015 380 2076 Horatio
401 2016 479 2091 (sat,
496 2016 518 2091 I,
544 2023 593 2089 to,
614 2022 667 2092 28)
693 2015 769 2078 inter
796 2018 927 2079 celebres
947 2038 1097 2080 cansarum

77 2114 213 2183 patronos
230 2105 397 2174 nominatur,
417 2114 569 2185 potestque
593 2102 711 2163 Persius
734 2103 769 2162 ab
784 2123 819 2163 eo
839 2104 892 2164 hoe
908 2125 1009 2165 nomen
1024 2125 1099 2165 snm·

78 2191 152 2249 sisse
173 2208 209 2248 eo
227 2189 338 2247 tacitius
359 2190 489 2261 censeri,
514 2191 578 2271 quia
599 2191 637 2248 ibi
653 2210 764 2271 qnoque
779 2188 815 2250 de
837 2192 913 2249 furto
928 2210 1022 2250 sermo
1040 2201 1096 2251 est.

78 2273 185 2333 Veram
202 2273 348 2334 aNerone
362 2276 471 2334 Pedius
488 2277 637 2347 Blaesius,
656 2295 737 2356 quem
761 2275 943 2355 Cyrenenses
964 2289 1099 2356 repetun-

78 2358 176 2420 darum
197 2371 382 2431 accusarunt,
405 2359 551 2420 damnatus
571 2372 600 2421 et
630 2372 730 2421 senatu
751 2373 843 2420 motus
866 2373 911 2422 est
927 2361 1008 2436 (lac.
1024 2363 1098 2423 Ann.

79 2444 159 2518 xlv,
179 2449 238 2518 183
261 2447 299 2504 el.
319 2445 389 2504 IIist.
408 2446 429 2517 1,
450 2451 502 2516 77,
524 2444 658 2506 attidem
681 2447 715 2506 ab
731 2447 841 2508 Othone
862 2449 1009 2508 restitutus
1033 2469 1099 2508 asse

80 2535 235 2603 narratur).
265 2530 325 2590 Iloc
347 2532 451 2590 lactum
477 2542 523 2592 est
547 2551 577 2592 a.
601 2536 674 2603 813,
690 2530 798 2592 dnobus
817 2534 897 2594 annis
923 2545 989 2594 ante
1008 2532 1100 2594 Persii

79 2627 209 2687 mortem,
224 2627 254 2676 et
267 2617 320 2674 nisi
334 2628 512 2690 sumos,ante
527 2617 581 2677 lunc
599 2628 708 2697 tempus
725 2620 856 2698 scripta·
874 2619 927 2678 iam
945 2639 1011 2679 esse
1028 2620 1101 2680 bauo

79 2705 206 2773 sauram,
221 2721 276 2782 pru
290 2699 325 2760 de
345 2721 377 2761 re
394 2703 460 2762 nihil
477 2713 606 2775 constet,
627 2725 682 2762 non
705 2705 797 2782 potuit
816 2724 870 2763 non
895 2725 931 2764 eo
953 2707 1100 2783 respicere

79 2787 206 2848 Persius.
235 2786 336 2866 Neque
353 2785 380 2846 id
396 2807 458 2847 are
471 2788 615 2848 abhorret
650 2787 723 2848 Nam
737 2790 761 2847 si
775 2809 845 2850 vere
865 2789 931 2849 Iurti
955 2789 1102 2851 damnatas

80 2884 145 2933 erat
156 2871 270 2944 Pedius,
284 2876 460 2951 tantomagis
472 2871 611 2952 indIgoari
621 2894 673 2952 par
689 2886 762 2946 erat,
778 2873 851 2956 qnod
867 2876 894 2933 in
911 2894 946 2934 eo
962 2877 1023 2934 viro
1041 2878 1102 2935 ioa-

80 2961 126 3018 nis
138 2958 186 3016 illa
200 2968 229 3016 et
244 2959 340 3017 iurata
353 2961 444 3018 oratio
467 2956 502 3017 ad
519 2961 737 3020 ostentationem
757 2971 856 3019 ornata
874 2958 981 3020 laudari
1002 2964 1101 3040 potuit.
1185 3030 1199 3043 ,1
1248 3017 1253 3025 ,

81 3046 140 3105 Ait
151 3044 189 3102 cl.
206 3040 240 3101 ad
256 3064 283 3101 v.
301 3046 352 3105 40.
390 3045 556 3103 Antr'tdets’s
583 3051 661 3117 (nota
682 3045 772 3124 ligura
793 3047 946 3116 rhetorica,
966 3065 993 3104 v.
1007 3044 1137 3120 Quint-⁴
1173 3063 1193 3091 ι’
1207 3038 1253 3067 ·”

81 3129 133 3200 IX,
148 3132 179 3200 3,
195 3133 233 3190 81
253 3133 327 3209 sqq.)
344 3131 423 3189 rasis
438 3130 458 3188 i.
478 3149 504 3188 e.
524 3150 630 3190 summa
647 3142 709 3190 arte
725 3132 857 3209 expolitis
871 3131 1001 3203 (cilniae
1015 3151 1103 3192 rasas
1139 3166 1142 3171 Δ
1194 3137 1242 3183 -t
1259 3132 1282 3171 's

83 3215 161 3274 liber
174 3233 218 3292 up.
236 3213 316 3272 Ouid.
340 3233 377 3272 ex
393 3213 482 3273 Ponto
499 3213 533 3286 11,
549 3219 579 3286 t,
597 3221 660 3289 17),
683 3216 780 3275 librat
792 3217 926 3286 crimina,
951 3217 1016 3298 quia
1029 3227 1060 3276 nt
1075 3218 1121 3284 iun¹
1163 3256 1166 3263 -
1189 3270 1193 3277 .
1226 3256 1244 3295 a·

82 3311 201 3380 utraque
216 3298 305 3358 librae
320 3299 400 3359 lance
423 3297 548 3379 pondera
570 3311 600 3360 et
617 3320 664 3359 res
683 3320 755 3382 quae
778 3300 950 3380 ponderatur
969 3302 1023 3361 sibi
1036 3322 1105 3361 con·
1187 3344 1224 3390 ,χ
1246 3330 1249 3347 ·

83 3394 287 3463 imponuntur,
314 3395 343 3442 ut
364 3395 539 3465 aequentur,
556 3387 595 3445 itu
607 3385 661 3445 hae
677 3387 767 3464 ligura
783 3388 925 3446 contraria
940 3383 996 3446 sibi
1017 3408 1106 3467 oppo-

83 3481 194 3529 nuntur.
240 3469 333 3550 Atque
349 3469 401 3529 hoc
419 3468 556 3542 laudatur,
573 3481 604 3531 ut
623 3472 729 3531 bellum
744 3478 783 3545 (v.
799 3476 870 3545 tu),
897 3470 970 3553 quod
990 3472 1054 3555 quid
1069 3475 1107 3532 sit

83 3557 188 3635 optime
206 3556 371 3634 intelligitur
388 3575 426 3615 ex
448 3555 572 3615 Ilartiol.
587 3556 610 3627 1,
632 3560 662 3628 9,
681 3563 730 3628 II,
746 3563 775 3621 7.
821 3557 934 3618 Summa
957 3560 1043 3636 igitur
1064 3560 1108 3618 in·

84 3639 249 3719 dignatione
271 3639 363 3700 addit:
395 3643 456 3700 Hoc
477 3641 606 3701 bellem?
627 3661 665 3701 un
686 3644 805 3702 Romule
825 3647 932 3703 cenes?
955 3643 974 3701 i.
995 3662 1022 3702 e.
1045 3642 1107 3702 Iloc

84 3724 214 3785 indicium
232 3738 287 3785 tam
300 3744 467 3803 perversum
480 3738 535 3798 est,
551 3747 632 3808 quam
654 3728 679 3785 si
693 3726 827 3787 Romulus
847 3740 960 3788 cevent.
997 3729 1108 3788 team

84 3810 200 3871 verbum
218 3821 262 3869 est
275 3809 310 3869 de
323 3810 461 3889 pumicis,
487 3813 534 3892 qni
552 3814 579 3871 in
595 3810 717 3872 libidinis
731 3824 797 3873 actu
821 3814 919 3873 clnnes
935 3814 1043 3892 agilam
1056 3813 1107 3885 (ef.

84 3895 144 3957 Inv.
161 3896 195 3967 II,
210 3900 262 3958 21.
279 3895 329 3967 lx,
350 3893 401 3958 40.
423 3896 546 3956 Martial.
562 3897 610 3969 111,
627 3901 679 3968 95,
697 3902 759 3969 13),
781 3899 826 3958 cni
840 3896 1012 3978 respondet,
1034 3896 1109 3980 quod

86 3979 122 4040 de
139 3981 302 4041 mutieribus
320 3992 484 4060 usurpetur,
507 3985 637 4042 ονίοοανο
657 3990 696 4058 (ν.
714 3983 812 4044 Ileinr.
829 3982 865 4044 ad
878 3984 936 4044 Iuv.
951 3983 1002 4056 VI,
1018 3988 1105 4056 322).

85 4067 226 4127 Romulus
240 4078 332 4126 autem
347 4067 451 4126 acerbe
467 4078 586 4126 vocatur
608 4069 643 4138 is,
666 4069 713 4149 qui
729 4067 840 4129 Romuli
852 4068 988 4150 Ilemiqne
1004 4089 1109 4150 oppro-

85 4150 177 4211 brinm
194 4162 239 4210 est
255 4152 369 4225 (Catull.
387 4151 520 4223 XXVIII,
534 4158 597 4226 15),
609 4152 682 4212 nude
698 4152 824 4233 Lepidus
838 4153 873 4214 do
889 4153 969 4216 Sulla
982 4157 1021 4214 ait
1036 4153 1111 4236 apud

87 4234 253 4297 SallustIum
269 4236 357 4310 (histt
374 4238 483 4315 frgmm.
500 4236 521 4308 I,
535 4242 567 4311 3)
582 4258 705 4298 scaevus
719 4241 876 4311 Romulus,
892 4251 931 4312 et,
951 4239 1024 4322 quod
1037 4241 1109 4302 Per·

88 4323 133 4381 sio
147 4334 213 4381 ante
235 4322 334 4381 oculos
358 4334 500 4382 versatum
515 4343 582 4383 esso
597 4336 682 4403 puto,
705 4324 831 4385 Catullus
853 4326 977 4399 (XXIX,
994 4332 1032 4397 53
1057 4328 1108 4397 to>

90 4408 212 4467 cinaede
236 4409 364 4468 Romule.
403 4407 512 4468 Sensus
535 4428 606 4488 ergo
628 4421 690 4479 est,
710 4411 737 4469 in
758 4431 794 4471 eo
808 4410 928 4481 indicio,
948 4431 1004 4493 quo
1019 4414 1047 4471 ia
1062 4412 1113 4472 tali

90 4494 151 4552 viro
174 4512 222 4553 ars
236 4493 396 4554 effeminate
423 4491 535 4555 dicendi
554 4493 698 4565 laudetur,
720 4507 824 4557 tantem
847 4499 1062 4575 pomersitatena
1083 4507 1113 4558 et
