2574 5054
194 784 281 833 ειειι
526 762 886 827 ruounuottutta

192 934 262 1000 doru
276 945 311 1000 ut
326 933 447 1000 videtur
462 954 529 1000 cum
543 948 580 999 ν.
593 931 699 998 cerdo.
727 931 786 1000 Vs.
803 929 847 998 52
860 943 960 998 antem
975 953 1046 998 voc.
1063 942 1117 1012 nt,
1141 955 1219 1020 quae

193 1036 366 1122 explicandi
395 1036 494 1121 gratia
520 1033 609 1100 initio
636 1035 788 1119 adscripta
811 1056 883 1100 esse
905 1036 1045 1113 videtur,
1068 1036 1100 1100 iu
1123 1036 1220 1102 verba

192 1138 350 1222 scriptoris
372 1137 521 1202 inculcata
542 1147 600 1201 est.
645 1134 734 1220 Quod
757 1135 799 1215 V,
822 1134 865 1200 64
887 1135 958 1222 Mp.
985 1138 1074 1203 Rom.
1106 1137 1221 1204 babent

188 1242 344 1326 puerique
363 1259 513 1324 renesque
534 1259 589 1324 pro
612 1239 805 1324 iuvenesque·
819 1259 968 1324 renesque
993 1239 1023 1303 id
1052 1241 1219 1305 memoriae

191 1342 242 1409 vel
257 1342 363 1406 calami
379 1343 480 1424 lapsos
496 1361 565 1406 esse
587 1339 727 1416 videtur,
757 1350 852 1403 atvs.
868 1337 912 1405 78
932 1352 1084 1406 momento
1104 1352 1219 1427 tempo·

191 1445 240 1510 nt
253 1465 307 1529 pro
323 1465 364 1506 m.
381 1442 516 1507 turbium
530 1441 595 1506 eins
609 1441 708 1525 potius
724 1461 793 1506 esse
816 1440 955 1522 videtur,
977 1442 1026 1526 qni
1051 1444 1217 1507 faciliorem

190 1546 353 1611 lectionem
370 1544 527 1609 difficiliori
542 1544 708 1608 substituit.
736 1541 785 1608 De
800 1565 853 1609 vv.
873 1540 945 1606 123.
964 1542 1027 1608 134
1043 1545 1152 1610 dictum
1168 1556 1219 1610 est

190 1648 223 1714 iu
238 1658 343 1712 annot.
361 1648 430 1712 crit.
456 1642 521 1710 Cur
535 1642 592 1725 Vl,
601 1643 645 1709 23
658 1643 817 1709 scombros
831 1645 973 1730 scriptum
988 1647 1029 1711 sit
1043 1669 1098 1732 pro
1113 1646 1217 1712 rhom-

191 1747 266 1831 doa,
295 1761 393 1813 utrum
421 1748 549 1812 consilio
570 1766 611 1811 au
631 1746 738 1811 calami
761 1768 888 1827 errore,
909 1746 1025 1813 difficile
1049 1749 1130 1815 dictu
1154 1761 1214 1828 est,

191 1851 330 1934 idemque
354 1852 418 1915 iere
442 1847 526 1913 valet
547 1849 585 1912 de
608 1848 741 1913 lectione
763 1849 854 1914 ciebis
872 1872 928 1937 pro
955 1852 1057 1937 captis
1077 1853 1125 1933 (v.
1143 1849 1213 1935 46),

191 1955 271 2040 qnod
284 1951 436 2017 Prisciani
452 1950 632 2015 auctoritate
651 1951 794 2015 munitur.

276 2085 393 2170 Quodsi
410 2087 485 2152 baec
499 2086 645 2151 attentius
662 2085 801 2169 nullaque
823 2086 966 2172 opinione
988 2087 1126 2172 occupati
1141 2108 1215 2151 cou-

190 2188 376 2267 sideramus,
398 2187 587 2274 putabimus,
605 2197 638 2251 nt
652 2199 745 2272 puto,
768 2185 872 2252 lulium
888 2186 1026 2254 Flavium
1043 2189 1215 2274 exemplum

189 2312 276 2358 sunm
300 2313 361 2355 non
384 2300 469 2355 certo
491 2287 619 2352 consilio
640 2288 862 2373 interpolasse,
886 2291 941 2356 sed
964 2312 1019 2375 pro
1041 2292 1123 2357 virili
1145 2313 1214 2356 cor-

188 2394 323 2460 rexisse.
370 2391 439 2476 Qua
462 2390 494 2455 in
517 2390 600 2455 resi
623 2392 742 2474 quaudo
771 2393 905 2470 erravit,
936 2395 1115 2478 praesertim
1145 2416 1214 2458 cnm

189 2495 329 2580 exemplo
345 2514 418 2558 usus
433 2511 501 2557 esse
517 2491 658 2556 rideatur
678 2515 697 2557 a
717 2492 800 2557 vitiis
820 2514 881 2557 nou
902 2494 1043 2572 immuni,
1066 2496 1157 2581 longe
1181 2496 1213 2560 id

188 2608 290 2662 umen
314 2605 462 2660 remotum
484 2603 532 2657 est
553 2593 591 2657 ab
614 2594 680 2659 eius
700 2594 846 2673 audacia,
870 2594 918 2678 qni
939 2596 1095 2681 scriptoris
1116 2598 1214 2662 verba

187 2709 242 2764 ant
256 2707 396 2780 corrupta
407 2678 465 2759 'aut
478 2695 535 2759 sibi
548 2716 609 2760 nou
625 2696 954 2781 intellectareliugitad
970 2696 1064 2782 ipsius
1080 2709 1211 2784 captum.

187 2800 220 2865 A
241 2819 299 2882 qua
322 2799 408 2882 culpa
430 2796 606 2861 liberandus
630 2809 690 2863 est.
720 2797 800 2864 Nam
823 2809 1033 2884 praeterquam
1055 2802 1133 2884 qnod
1150 2822 1213 2866 nou

188 2899 360 2966 omucsbae
375 2899 522 2964 lectiones
531 2899 567 2963 ad
577 2919 644 2962 eum
656 2910 797 2985 tauquam
807 2911 961 2965 auctorem
971 2913 1055 2966 certo
1071 2904 1213 2967 referun-

188 3003 314 3082 tur,sed
324 3001 514 3066 librariorum
524 3001 1037 3086 negligentiaefortasseuonnnllae
1047 3003 1211 3086 debentur,

188 3103 318 3188 exiguus
340 3103 430 3168 etiam
454 3124 557 3169 earnm
581 3124 725 3167 numerus
747 3114 815 3181 est,
839 3116 870 3168 et
891 3105 975 3190 ipsae
996 3105 1145 3172 lectiones
1169 3107 1213 3172 ita

188 3215 379 3290 comparatae
394 3217 484 3285 suut,
508 3216 542 3269 nt
561 3226 623 3269 uon
640 3215 698 3269 tam
716 3216 831 3271 certum
847 3206 993 3289 quoddam
1008 3207 1212 3295 interpolaudi

187 3309 345 3373 eonsilium
367 3308 595 3385 demonstrent,
618 3329 705 3390 quam
728 3327 870 3386 errores,
892 3308 998 3391 quale's
1018 3310 1056 3372 ab
1072 3312 1211 3377 omnibns

187 3410 253 3473 iere
268 3408 400 3473 librariis
416 3408 593 3472 commissos
608 3409 756 3486 videmus,
773 3409 822 3492 qui
835 3411 941 3494 partim
951 3410 1069 3474 notiora
1079 3433 1211 3497 repone·

185 3509 259 3575 baut
280 3532 334 3596 pro
357 3510 623 3588 insolentioribus,
653 3511 760 3594 partim
784 3510 944 3576 oscitantia
967 3513 1093 3594 quadam
1115 3515 1209 3578 verba

185 3612 343 3697 scriptoris
364 3611 573 3676 immutabunt.
603 3609 650 3675 lta
671 3612 793 3675 eosdem
816 3615 882 3677 iere
906 3634 1029 3678 errores
1044 3634 1061 3677 e
1079 3616 1210 3680 diversis

186 3714 276 3779 codd.
295 3724 415 3778 notatos
431 3714 584 3798 reperies,
604 3714 653 3797 qui
670 3735 735 3778 cum
752 3713 835 3778 bisce
851 3714 933 3777 nullo
949 3716 1038 3779 modo
1054 3717 1210 3782 coniuncti

184 3825 267 3880 suut.
300 3812 368 3902 lpsa
392 3828 491 3879 antem
514 3812 614 3880 Persii
635 3815 803 3880 obscuritas
825 3826 856 3879 et
870 3816 1140 3882 insolentissimum
1156 3840 1211 3902 ge·

186 3936 243 3980 nus
265 3917 385 3980 dicendi
407 3918 609 4004 interpolaudi
633 3918 789 3982 consilinm
809 3938 970 3982 removere
996 3918 1145 3997 debebat,
1177 3932 1210 3986 et

184 4014 256 4081 iude
277 4017 464 4101 potissimum
486 4023 596 4084 lactum
619 4040 751 4098 censeo,
782 4021 860 4102 quod
883 4020 948 4083 eius
975 4022 1106 4099 satirae,
1132 4042 1208 4104 quae

185 4127 271 4182 tauto
297 4120 396 4182 studio
418 4121 599 4204 legebantur
621 4132 652 4185 ει
674 4121 941 4200 describebantur,
976 4133 1077 4187 tamen
1105 4122 1208 4188 incor-

184 4228 291 4304 ruptae
313 4220 351 4282 ad
375 4241 431 4284 nos
453 4233 670 4305 pervenerunt.
704 4221 891 4306 Quamquam
914 4224 993 4289 euim
1010 4223 1162 4288 variarum
1178 4235 1209 4288 et

184 4319 394 4385 mendosorum
417 4322 578 4386 lectionum
600 4326 682 4409 larga
707 4325 792 4408 copia
813 4336 946 4409 prostat,
979 4346 1082 4390 earum
1106 4336 1206 4390 tamen

184 4422 346 4508 pleraeque
361 4434 453 4506 suut,
470 4426 574 4507 quales
589 4447 643 4510 per
657 4426 847 4493 librariorum
861 4428 1040 4512 imperitiam
1057 4439 1088 4493 et
1102 4448 1208 4493 socor-
