2574 5054
124 924 195 970 caso
223 904 301 990 apud
332 902 381 970 Te
410 903 546 988 aliosque
574 904 653 969 baud
681 905 803 988 iniquos
833 904 964 974 confido.
1006 905 1151 970 Alterum

84 1099 88 1105 ¹
125 1023 274 1108 quoddam
303 1024 336 1090 in
359 1023 541 1089 testimoniis
570 1023 757 1109 apponendis
782 1033 904 1088 secatus
933 1044 1011 1088 sum.
1050 1020 1152 1089 Obse-

126 1141 257 1208 cundavi
279 1143 361 1209 enim
381 1141 542 1222 laudabili,
573 1152 717 1228 utputo,
747 1143 968 1228 philologorum
990 1142 1087 1219 mori,
1117 1151 1154 1206 ut

126 1259 201 1326 nibil
215 1261 360 1339 credant,
383 1261 442 1325 nisi
458 1260 576 1325 idoneis
596 1260 726 1326 testibus
748 1262 919 1346 productis,
943 1261 998 1325 sed
1019 1260 1152 1326 abstinui

126 1379 223 1463 magis
239 1400 325 1463 quam
341 1380 407 1444 tieri
422 1380 501 1444 solet
519 1380 725 1444 recentiorum
748 1379 928 1444 testimoniis
950 1378 1153 1444 cumulandis.

129 1493 208 1562 Cum
222 1498 301 1563 enim
316 1499 507 1584 experientia
521 1498 646 1564 edoctus
662 1520 781 1577 essem,
799 1519 890 1585 saepe
906 1509 990 1576 tres,
1009 1510 1154 1582 quatmr·

126 1636 168 1681 ve
190 1627 223 1681 et
243 1616 345 1702 plnres
367 1617 461 1683 libros
482 1617 549 1681 sino
569 1617 668 1681 fructu
688 1615 809 1695 evolvi,
833 1637 899 1681 cnm
922 1617 1029 1682 eadem
1044 1616 1153 1680 iisdean

127 1734 320 1817 antiquorum
335 1734 410 1799 locis
424 1733 553 1799 laudatis
569 1754 674 1799 omnes
690 1734 840 1814 doceant,
862 1735 959 1798 satius
976 1734 1066 1810 duxi,
1090 1753 1155 1798 non

129 1851 250 1936 quidem
265 1872 376 1936 operae
391 1872 518 1937 parcere
534 1872 730 1936 quaeeunque
752 1853 802 1917 uel
823 1853 855 1916 iu
877 1851 1063 1917 adversariis
1078 1872 1156 1917 eon·

127 1980 217 2054 qesta
236 1970 287 2035 vel
308 1970 346 2033 ab
371 1969 438 2035 aliis
458 1970 580 2035 laudata
601 1971 706 2035 inveni
727 1970 923 2055 perlegendi,
945 1971 1000 2036 sed
1023 1989 1098 2055 quae
1113 1969 1155 2034 ad

128 2106 193 2152 rem
228 2090 368 2153 lacerent
402 2087 539 2154 breviter
573 2109 740 2168 enarrare,
783 2089 928 2174 appositis
961 2090 1155 2172 antiquorum

129 2204 308 2290 scriptorum
323 2207 511 2291 gravissimis
527 2208 726 2285 testimoniis,
751 2227 808 2290 qua
832 2227 866 2270 re
888 2206 919 2270 id
934 2206 1054 2290 assequi
1069 2206 1157 2271 ride·

129 2320 204 2404 tar,
228 2334 262 2389 ut
275 2347 420 2391 summam
435 2347 498 2391 rem
515 2327 639 2410 quisque
655 2326 756 2388 statim
777 2325 982 2410 perspiceret,
1006 2336 1039 2390 et
1059 2325 1155 2389 multo

130 2442 250 2508 lacibus
264 2444 380 2508 ineam
396 2444 486 2509 altius
500 2445 655 2528 inquirere
670 2453 786 2528 posset.
819 2441 917 2528 Spero
939 2443 1076 2528 equidem
1098 2442 1158 2507 boc

131 2561 269 2645 aperitis
285 2583 347 2627 non
362 2562 559 2648 improbatum
574 2562 613 2627 iri
635 2582 674 2627 ne
695 2562 753 2627 boc
776 2561 892 2644 quidem
916 2573 1071 2646 tempore,
1096 2581 1157 2643 qno

131 2677 224 2764 longe
245 2679 354 2744 maiori
375 2681 495 2746 crimini
515 2702 585 2746 esse
609 2682 706 2760 solet,
736 2679 763 2744 si
784 2681 851 2763 quis
871 2698 995 2758 eorum,
1019 2697 1095 2763 quac
1116 2676 1157 2742 ab

131 2798 257 2863 iuventa
277 2809 344 2864 arte
367 2797 581 2884 typographica
601 2818 695 2881 nsque
716 2797 755 2862 ad
776 2799 1018 2863 recentissimum
1046 2796 1156 2861 librum

132 2918 351 3002 cxoogitarnnt
377 2911 452 2982 VV·
483 2914 576 2995 Du,
617 2917 775 3000 quidquam
805 2916 972 2982 nescivisse
1001 2915 1155 2994 videatur,

132 3055 221 3121 quam
237 3036 262 3099 si
278 3034 443 3120 scriptores
458 3036 597 3119 antiquos
613 3035 797 3119 neglexerit„
820 3031 935 3099 Verum
952 3033 1010 3099 boc
1026 3035 1157 3098 fortasse

133 3153 212 3238 apud
228 3153 337 3218 multos
353 3153 553 3219 excusatione
568 3153 735 3239 indigebit,
758 3154 838 3238 quod
858 3173 1003 3236 nusquam
1020 3153 1157 3217 diversas

132 3272 303 3336 sententias
333 3272 583 3350 commemoravi,
621 3291 660 3337 ea
689 3292 833 3336 enarrare
864 3281 1044 3350 contentus,
1078 3289 1157 3353 qnae

134 3388 208 3455 mibi
222 3410 299 3456 vera
312 3390 501 3456 viderentur.
539 3389 620 3455 Nam
640 3391 672 3454 id
692 3391 816 3454 omnino
839 3389 926 3453 buius
948 3388 1157 3454 commentarii

133 3508 294 3573 consilium
308 3519 374 3587 est,
398 3521 431 3573 ut
445 3509 539 3574 verba
552 3505 654 3574 Persii
668 3509 819 3592 explicet,
841 3518 875 3571 nt
890 3528 947 3591 eqo
961 3506 1159 3592 probabiliter

135 3646 174 3693 ea
188 3627 336 3712 explicari
350 3648 439 3712 posse
455 3638 548 3713 puto3
572 3646 633 3690 aon
656 3627 740 3710 qnasi
756 3647 813 3709 ego
829 3627 930 3690 omnia
943 3636 1029 3691 recte
1046 3624 1159 3690 consti·

134 3743 229 3808 tuisse
245 3744 316 3808 mibi
331 3745 457 3825 ridear,
480 3756 534 3810 aut
548 3745 617 3830 quia
632 3744 708 3809 alios
730 3756 940 3823 contemnam,
964 3766 981 3809 a
1005 3764 1063 3828 qua
1085 3742 1160 3806 ridi·

133 3862 203 3927 cnla
230 3863 375 3927 iactantia
403 3885 491 3947 quam
520 3864 576 3929 sim
605 3864 740 3943 alienus,
771 3885 833 3928 non
862 3875 928 3941 est,
963 3863 1042 3946 qnod
1073 3860 1159 3940 Tibi,

135 3975 352 4057 Laobmannr,
375 4002 541 4064 exponam.
570 3980 685 4047 Verum
708 3984 763 4047 bao
786 4003 902 4065 qnoque
918 3980 950 4045 in
965 4001 1000 4045 re
1015 3980 1161 4045 brevitati

134 4096 353 4162 consulendum
375 4097 557 4162 arbitrabar.
588 4097 711 4162 Etenim
731 4100 758 4163 si
779 4097 852 4166 VV.
876 4098 947 4164 Di).
971 4099 1073 4164 varias
1088 4117 1161 4162 oen·

135 4217 248 4282 tentius
270 4217 434 4300 colligere,
465 4216 623 4301 digerere,
653 4218 810 4295 refutare,
843 4220 1021 4284 confirmare
1044 4217 1161 4282 voluis·

135 4356 222 4413 sem,
258 4337 492 4402 commentarius
519 4335 757 4402 conscribendus
785 4339 893 4403 luisset
917 4336 1050 4402 enormis
1072 4334 1161 4400 molis
