2574 5054
129 134 203 170 rurs
452 109 815 170 PROLEGOMENA.

126 304 215 367 quem
238 278 427 358 Cornutum,
453 283 501 345 cui
522 281 752 365 tamegregium
768 280 892 342 satiram
908 278 1061 363 inscripsit
1076 275 1152 340 Per-

126 385 209 463 sius,
233 383 429 469 respondisse
461 383 609 469 discipulo
636 384 735 448 ultera
755 382 871 445 satiust
907 378 1013 464 ltaque
1042 400 1154 446 versus

65 541 67 545 ,
125 486 314 573 lingebatur,
345 486 398 571 qui
418 481 581 551 allocutum
604 504 673 550 esse
697 480 867 549 Cornutum
889 479 1030 548 Persium
1063 503 1154 549 suun

127 589 352 655 demonstraret
377 608 448 652 voe.
478 588 604 653 Flaoeo.
644 583 788 651 Ceterum
817 594 853 651 ut
880 583 978 651 altero
1002 586 1057 651 illo
1081 586 1154 651 loeo

127 694 169 775 (s.
193 713 226 759 u.
241 692 370 756 serenus
384 710 415 776 p.
431 685 496 754 564
508 687 594 772 Μ),
617 689 660 754 ite
674 687 724 754 hie
738 685 899 754 Plautinus
918 706 1029 755 versus
1045 707 1155 753 emur

127 794 211 860 dedit
224 795 352 861 ultorum
368 791 532 880 effingendi
552 801 576 857 ¹.

127 983 141 1036 1
161 980 224 1034 Cum
242 981 283 1034 his
299 982 353 1035 inus
370 981 589 1048 Fulgentiun
608 980 707 1033 lasudis
725 979 946 1043 insimulnverirn,
965 983 992 1029 et
1007 991 1067 1028 uras
1084 976 1154 1029 iden

160 1051 257 1103 erirueu
276 1050 457 1119 proferendum
476 1050 600 1115 huheuru,
620 1066 669 1101 uon
687 1048 734 1101 uhs
752 1065 781 1101 re
800 1049 866 1109 erit,
892 1048 953 1115 quid
971 1046 1002 1098 de
1020 1045 1066 1096 illo
1086 1045 1154 1097 lihro

160 1120 347 1188 expositionum
366 1122 493 1172 sernouis
511 1119 610 1187 entiqui
629 1124 751 1181 stateem,
770 1119 922 1185 praesertin
942 1129 999 1167 eun
1018 1114 1153 1166 novissi-i

161 1189 275 1240 editores
301 1190 367 1240 hene
394 1190 568 1254 qaeestionen
593 1189 679 1256 puulio
703 1187 788 1238 levius
814 1203 860 1239 nee
885 1186 950 1238 sutis
967 1184 1153 1252 circunspecta

160 1264 288 1309 trsetssse
304 1258 457 1321 videantur,
478 1257 594 1309 breviter
609 1273 641 1309 ex
659 1272 746 1308 onere.
764 1254 895 1321 Fulgentii
914 1253 989 1304 fldem
1005 1258 1153 1319 suspects·

160 1323 310 1377 hshueruut
332 1333 390 1393 post
407 1325 575 1378 hluoeherusu
598 1332 626 1377 et
642 1274 823 1377 liuhnheniuru
850 1324 891 1390 (sd
911 1321 973 1374 Rut.
992 1319 1023 1374 1..
1043 1337 1068 1389 p.
1090 1321 1153 1380 tat)

159 1394 235 1446 stulti
255 1395 325 1460 iique
343 1395 490 1461 gravissimi
508 1396 577 1459 viri,
602 1410 626 1447 s.
642 1410 668 1459 g.
688 1394 839 1462 Bernhardy
856 1391 940 1459 (lton.
959 1389 1025 1442 Litt.
1045 1405 1070 1454 p.
1092 1389 1150 1442 ill.

160 1461 212 1516 825
224 1464 296 1530 sp),
314 1462 428 1529 liedvig.
449 1463 493 1530 (de
512 1464 606 1515 hseou.
627 1463 687 1515 Ped.
707 1479 732 1530 p.
752 1464 796 1516 dl.
815 1478 872 1529 opp.
893 1477 916 1544 p·
936 1459 997 1525 28),
1022 1456 1150 1510 muchl-

163 1532 274 1592 (rnelett.
294 1531 390 1584 Pisutt.
410 1549 478 1600 spen.
497 1541 610 1585 onornet.
628 1548 654 1599 p.
672 1534 730 1597 22).
767 1530 802 1583 lit
819 1530 934 1583 Orellrus
951 1542 1009 1579 euuu
1027 1527 1088 1578 oliuu
1106 1526 1152 1593 (sd

160 1598 225 1652 Tse.
251 1601 314 1653 dial.
339 1603 366 1656 5.
393 1602 448 1653 Cio.
462 1602 509 1654 -ed
531 1603 587 1654 Αιι.
610 1599 679 1664 lilll,
704 1601 749 1666 2¹,
768 1600 796 1665 ³)
820 1615 873 1652 sne.
892 1595 944 1650 XV
968 1597 1036 1648 huso
1057 1595 1152 1647 lihrus

160 1671 322 1736 suppositum
340 1686 396 1722 esse
415 1672 626 1739 pronuntinsset,
654 1672 721 1721 hune
737 1670 838 1735 quidem
857 1681 970 1719 errorent
987 1671 1078 1733 pestes
1095 1679 1152 1717 eor·

160 1739 246 1799 rexit,
267 1738 429 1807 impostor-eru
446 1747 531 1792 tannen
549 1754 607 1790 esse
624 1737 788 1803 Fulgentinra
807 1736 934 1789 sustinuit
947 1734 1031 1799 (leett.
1045 1733 1151 1785 Peteon.

160 1806 216 1874 ph
235 1807 270 1859 ei.
289 1810 321 1860 sd
338 1809 416 1876 Apul.
438 1808 490 1861 leb.
512 1810 544 1860 de
560 1807 660 1876 Pspehs
671 1823 696 1875 p.
713 1808 768 1865 88).
788 1804 853 1859 Nuus
871 1806 936 1856 illud
954 1803 1151 1855 refutatorium

161 1882 248 1927 estete
267 1877 357 1942 codd,
376 1893 440 1944 quos
457 1892 534 1945 supru
553 1877 683 1929 recensui.
702 1875 801 1941 Quibus
819 1873 951 1927 sddeudus
964 1872 1042 1924 index
1053 1872 1079 1922 is
1092 1871 1149 1925 eod.

161 1942 222 1995 Pur.
243 1960 269 1996 o.
284 1945 349 1999 758¹
369 1961 445 1997 muna
464 1947 570 2013 satique
588 1946 717 2012 seriptus,
737 1946 781 2012 qui
800 1959 877 2012 supra
894 1941 1150 2010 seriptaversienla:

160 2013 234 2064 Idaeo
248 2019 370 2066 eontinet
386 2015 495 2066 scedula
507 2015 631 2065 willelmi
648 2017 756 2065 nomin
771 2019 845 2064 serta
857 2013 939 2064 libros
956 2011 1046 2062 verius
1062 2026 1152 2062 resen

161 2088 217 2145 set,
244 2083 270 2132 in
290 2084 330 2134 his
352 2083 486 2134 Calee'de‘us
504 2083 535 2134 de
558 2083 724 2134 sessoribus
747 2085 884 2148 antiquie,
909 2096 959 2146 quo
977 2085 1067 2131 noster
1085 2079 1152 2131 liher

160 2150 268 2201 videtur
285 2151 426 2216 significari
445 2151 478 2201 ed
496 2150 657 2203 chalcidium
675 2150 798 2217 scriptus.
826 2151 878 2202 lanu
896 2148 961 2215 quod
980 2162 1068 2199 eorum
1087 2149 1152 2198 seri·

162 2225 280 2285 ptornru,
305 2235 369 2287 quos
394 2221 477 2271 udhuo
499 2221 654 2287 superstites
672 2219 810 2283 hawinus,
837 2219 922 2271 Plauti
942 2217 1105 2284 (quemquern
1123 2217 1150 2268 iu

161 2286 225 2338 loeis
244 2287 372 2340 Plautinis
388 2289 453 2341 urire
470 2289 575 2339 vuriuut
592 2287 694 2352 codd),
721 2287 853 2351 Petronii,
883 2287 1002 2352 Apnieli,
1027 2283 1150 2337 idertisui

161 2354 282 2424 (lupellus
305 2358 373 2409 loeus
397 2365 449 2409 ιιι
475 2360 589 2424 turpiter
614 2357 769 2409 deiorrnstos
796 2355 919 2416 exhibet,
944 2363 975 2407 ut
998 2355 1055 2406 eius
1078 2355 1103 2405 in
1123 2370 1151 2406 re

161 2426 251 2477 eritius
265 2426 335 2479 nullu
347 2427 491 2479 suetoritss
503 2428 540 2478 sit
552 2427 598 2491 (el.
612 2426 779 2478 llildehrund.
794 2427 826 2476 sd
839 2424 917 2491 Apul.
931 2429 952 2475 t.
966 2422 976 2475 l
990 2440 1014 2489 p.
1028 2423 1150 2490 soen).

160 2494 187 2545 id
206 2511 253 2545 nou
271 2503 323 2548 tum
342 2496 445 2560 lrsudi,
465 2511 540 2563 quarn
559 2495 704 2548 incredibili
723 2496 839 2546 ineurise
857 2495 931 2557 eius,
951 2492 995 2560 qui
1013 2493 1152 2544 memorius

162 2562 209 2614 sali
228 2564 338 2616 conlisus
356 2564 504 2628 scrihehut,
528 2564 695 2617 trihueudnrn
713 2571 763 2616 est.
796 2562 846 2614 Sed
864 2567 1006 2628 supersunt
1022 2562 1076 2613 elin
1093 2576 1152 2626 grs-

160 2634 245 2683 vieru.
266 2633 376 2686 Primum
395 2635 461 2700 quod
479 2636 506 2686 in
523 2634 699 2687 testinnonium
717 2631 855 2685 verborum
875 2631 1026 2684 Lutieoruu
1044 2631 1152 2698 scripto-

161 2716 203 2751 res
229 2701 342 2754 Grueeos
366 2704 459 2764 effert,
484 2704 511 2754 id
536 2704 591 2770 ipse
616 2717 741 2755 excusare
765 2702 863 2753 dieitur
889 2699 1043 2765 Fulgentius
1067 2702 1102 2766 (ι.
1122 2715 1149 2751 v.

156 2769 298 2835 problema
316 2788 341 2839 p.
361 2772 412 2827 stt
423 2770 488 2835 hh),
507 2779 535 2823 et
549 2773 615 2823 elios
632 2772 790 2839 putrooiusri
817 2770 904 2821 eodem
922 2784 992 2821 ruore
1009 2783 1086 2829 usos,
1111 2769 1151 2820 uti

161 2836 289 2890 hutiiiurn
307 2839 417 2907 Lupum.
445 2839 492 2893 Uhi
512 2842 569 2892 iure
588 2841 689 2892 nireris
707 2847 760 2891 tarn
778 2840 883 2890 diverse
901 2838 1005 2890 uisceri
1023 2839 1150 2906 potuisse.

160 2905 223 2957 Nune
243 2925 273 2959 eo
293 2909 347 2960 loeo
364 2909 423 2976 quid
442 2909 571 2976 prohleurs
590 2909 626 2960 sit
643 2909 757 2976 expliest
775 2909 955 2974 grammaticus
967 2915 994 2958 et
1005 2907 1151 2974 exemplum

161 2976 237 3026 ullert
253 2993 285 3028 ex
303 2977 490 3040 Demosthene,
512 2978 579 3045 quod
597 2976 690 3029 Latine
707 2978 804 3040 vertit,
824 2977 884 3044 quis
899 2976 938 3027 itu
949 2974 1065 3039 verhuru,
1102 2976 1152 3026 uod

160 3059 175 3094 e
193 3043 292 3097 Grecos
310 3048 335 3098 in
354 3046 474 3099 Lutiuuru
488 3062 630 3099 sermonem
648 3054 796 3112 susceptum
814 3047 881 3097 idern
907 3051 968 3106 est,
991 3059 1073 3110 seque
1103 3045 1152 3095 llu-

160 3119 270 3166 strstnr.
290 3114 381 3167 Rutilii
394 3115 458 3183 Lupi
472 3117 615 3183 exemploru
633 3115 735 3167 omuino
754 3131 802 3165 nou
820 3113 910 3165 debuit
928 3113 1031 3174 efferri,
1051 3128 1110 3164 usu
1128 3113 1152 3164 is

160 3196 209 3231 uon
226 3184 322 3247 verbs,
342 3184 387 3236 sed
407 3185 503 3250 ligures
522 3185 655 3246 illustret,
692 3198 740 3234 uae
759 3184 783 3233 in
803 3181 904 3234 Latinis
922 3198 970 3233 nou
989 3184 1075 3233 miuus
1093 3197 1153 3232 eon-

160 3251 670 3389 tiit:‘titt‘tsttit‘ttstt
702 3251 963 3388 ltt‘itttitt‘
980 3250 1153 3387 titii:

941 3357 950 3382 5

174 3391 335 3455 eripuerunt,
360 3406 498 3458 eorumque
522 3393 600 3444 verhs
626 3339 806 3455 sliertpphseo
830 3390 911 3455 igitur
928 3405 976 3441 nau
996 3394 1080 3454 potest
1097 3389 1152 3456 ipse

160 3459 288 3518 vertisse,
313 3458 429 3526 elloquio
455 3461 605 3512 testimonie
630 3463 676 3512 ille
701 3460 800 3511 nullane
825 3460 953 3510 haherent
975 3459 1037 3509 viu.
1072 3457 1106 3508 lt.
1125 3473 1150 3521 g.

161 3524 415 3580 Stesinrhrotns
445 3529 481 3595 (p.
504 3531 565 3592 558)
598 3545 660 3581 usus
692 3545 751 3580 esse
781 3528 880 3578 dieitur
909 3542 965 3579 voe.
996 3525 1151 3592 sandapila,

160 3595 317 3648 llnsseas
333 3596 371 3662 (p.
391 3596 451 3660 555)
468 3613 525 3648 voe.
544 3598 670 3664 vispillo,
696 3597 935 3649 csilirnuehss
953 3596 989 3662 (p.
1011 3596 1073 3653 585)
1092 3610 1150 3646 voe.

160 3665 327 3717 ientaculum
333 3681 343 3728 ,⁰
362 3664 433 3730 etqui
452 3666 496 3716 hos
510 3664 608 3717 Grseee
627 3666 763 3734 scripsisse
781 3673 879 3718 eertum
898 3671 947 3716 est.
975 3664 1026 3716 Alii
1046 3669 1079 3714 ut
1093 3665 1153 3716 Αι-

164 3735 308 3786 tldesoss
339 3732 638 3801 flerseleopolites
665 3737 700 3802 (p.
729 3736 789 3787 558.
821 3734 896 3798 555),
932 3733 1151 3799 Diophantus

162 3801 451 3856 Lseelueruouius
478 3805 516 3871 (p.
543 3804 608 3864 llll,
647 3803 769 3855 laudatus
798 3804 822 3856 is
851 3804 929 3857 etisru
953 3801 1037 3871 ldpth.
1063 3801 1085 3864 1,
1114 3801 1150 3866 l),
