2574 5054
437 780 521 841 SAT.
536 781 572 854 ΙΙ,
591 787 604 844 1
623 815 665 827 -
681 785 711 844 3.
1044 772 1107 842 119

175 948 205 1009 Si
221 952 284 1031 quis
299 948 413 1012 diversa
428 953 595 1030 scripturum
617 950 734 1012 eandem
750 971 810 1012 rem
834 952 1009 1011 tractantium
1025 950 1107 1028 inge·

88 1038 136 1095 nia
150 1055 327 1114 cognoscere
342 1038 436 1115 cupit,
452 1038 476 1095 is
491 1035 576 1096 adeat
589 1034 765 1096 Alcibiadem
779 1037 815 1104 ΙΙ,
831 1039 877 1117 qui
893 1038 968 1096 inter
982 1035 1106 1094 Platoni·

88 1141 138 1180 cus
154 1119 282 1200 dialogus
297 1132 428 1182 servatus
443 1121 631 1194 carthusiani
647 1123 787 1202 navigium
803 1133 823 1181 t.
839 1122 877 1182 111
891 1142 919 1201 p.
929 1125 991 1184 247
1007 1118 1052 1180 ed.
1062 1118 1106 1194 11,,
1172 1152 1176 1164 ·

88 1204 229 1267 luvenalis
245 1208 360 1266 satiram
376 1206 413 1266 X.

152 1290 196 1352 De
225 1292 384 1364 Mucrinu,
407 1293 453 1351 cui
484 1290 600 1351 Persius
624 1291 695 1352 hane
719 1293 833 1352 satiram
856 1291 1017 1372 inscripsit,
1040 1289 1107 1349 nihii

92 1387 186 1436 nutum
209 1386 271 1448 est,
295 1387 412 1455 practer
432 1377 568 1456 paucula,
590 1395 664 1458 qnae
687 1377 778 1438 schol.
795 1374 919 1436 tradidit.

153 1460 1107 1542 v.1-3.Diemnataiemproprinmetamicurumsanctumfestum·

89 1565 144 1625 que
160 1546 302 1606 habebant
316 1545 433 1606 Romani
449 1547 530 1621 (flur.
544 1566 631 1607 cmm.
651 1546 700 1619 tV,
717 1553 767 1619 11,
784 1553 833 1610 17.
842 1547 907 1607 Tib.
918 1546 967 1617 W,
983 1552 1012 1616 5,
1035 1553 1043 1606 Ι
1064 1567 1106 1625 sq.

89 1632 185 1691 luven.
193 1630 257 1704 XII,
269 1636 297 1705 1)
311 1643 341 1691 et
349 1633 427 1691 vario
437 1629 518 1691 mado
527 1632 721 1692 celebrabant.
739 1631 783 1691 Ci.
792 1631 825 1691 C.
834 1632 867 1691 F.
878 1630 1029 1700 Schubert,
1038 1632 1106 1689 diss.

89 1714 126 1775 sle
142 1716 242 1776 ritibus
257 1716 445 1777 Romanorum
466 1715 629 1777 celebrandi
651 1716 713 1777 dies
735 1717 855 1776 natales.
879 1717 996 1776 flcimst.
1015 1720 1107 1778 1750.

91 1801 171 1860 Dona
187 1802 333 1861 mittebant
346 1804 442 1871 varia,
458 1813 488 1862 et
502 1804 527 1862 si
550 1805 596 1883 qui
619 1804 721 1862 litteris
736 1802 885 1870 vacabant,
900 1804 919 1861 ii
936 1802 1024 1862 iihrus
1039 1803 1109 1860 anri·

92 1906 189 1945 corum
204 1889 316 1947 nomine
338 1889 507 1966 inscriptus,
528 1889 646 1947 nutriitii
661 1889 758 1959 tituin,
773 1900 803 1946 ut
818 1889 857 1946 ait
872 1888 1044 1946 Censorinus
1061 1886 1108 1958 (de

91 1970 137 2030 die
153 1983 210 2030 nat.
235 1979 281 2044 1),
302 1972 459 2032 mittebant.
482 1971 527 2031 Gi.
549 1971 666 2032 Lucian.
689 1973 818 2033 biaerub.
835 1977 865 2035 2.
888 1971 972 2031 Dion.
996 1971 1057 2030 flat.
1072 1969 1109 2031 de

89 2075 181 2135 comp.
197 2076 242 2115 vv.
261 2060 275 2117 1
295 2056 331 2115 ih.
349 2054 468 2116 Schaei.
486 2077 514 2135 p.
529 2062 559 2119 5.
576 2057 645 2116 Dies
660 2059 762 2117 nataiis
777 2077 869 2118 uanus
882 2058 1028 2126 labentes,
1046 2058 1108 2116 siue

90 2151 171 2199 cerus
193 2139 354 2201 discrimine
376 2143 496 2200 fluentes
521 2142 573 2214 (ci.
603 2140 685 2218 Virg.
712 2141 820 2219 Genng.
842 2142 864 2212 Ι,
881 2145 930 2214 6),
956 2142 1002 2221 qui
1018 2159 1055 2199 cx
1070 2160 1108 2198 eu

91 2235 272 2283 numerantur
286 2235 316 2283 et
338 2224 519 2295 ordinantur,
542 2227 665 2304 apponit.
691 2226 856 2296 Cundidus,
879 2224 952 2303 quud
969 2224 1111 2302 significat

91 2308 135 2379 id,
165 2292 242 2388 quoii
259 2311 358 2367 nitenti
380 2306 499 2390 quadam
520 2309 584 2370 luce
607 2309 751 2389 perfusum
780 2320 826 2369 est
848 2307 944 2380 (Serv.
966 2307 1001 2368 ad
1027 2308 1109 2386 Virg.

92 2392 198 2470 Geurg.
214 2393 261 2464 ΙΙΙ,
277 2398 342 2466 82),
357 2395 429 2453 sicut
449 2393 485 2454 de
508 2395 635 2453 omnihus
651 2407 818 2473 usurpatur,
834 2414 906 2472 quae
921 2398 1059 2472 prospera
1075 2412 1109 2451 ac

91 2481 165 2537 iacta
182 2490 246 2537 sunt
262 2479 337 2548 (Tib.
361 2478 408 2550 ΙΙΙ,
433 2482 463 2549 6,
479 2482 520 2541 36
535 2480 662 2539 candidu
669 2478 773 2559 satu),
798 2483 836 2537 ita
852 2480 996 2557 aptissime
1012 2476 1047 2535 de
1063 2475 1109 2537 die

91 2562 211 2633 dicitur,
233 2567 279 2643 qui
302 2564 437 2623 laetitiam
458 2564 542 2624 affert
557 2564 684 2637 (Patron.
710 2570 794 2635 127),
809 2562 883 2624 unde
900 2562 1013 2623 Ovidius
1029 2563 1108 2635 (hier.

90 2648 315 2721 xvt,318)au:
332 2647 602 2720 „Candidiornrcdio
611 2671 668 2708 nun
678 2653 734 2709 erit
748 2650 792 2708 iiia
809 2649 887 2708 ἀίω*
911 2647 1017 2707 Eodem
1027 2646 1109 2706 modu

91 2733 193 2794 Graeci
209 2728 317 2806 λευκὴν
327 2731 443 2813 ἡμέραν
458 2733 563 2805 dicunt,
578 2756 605 2794 r.
618 2732 717 2794 Bionis.
726 2736 814 2813 gloss.
823 2734 933 2794 Aesch.
944 2733 1026 2792 Pers.
1036 2736 1109 2796 306.

90 2819 230 2878 Natalem
248 2820 404 2877 candidum
426 2832 529 2878 vocant
544 2820 647 2878 Tibuii.
666 2821 688 2892 Ι,
704 2825 734 2889 7,
750 2824 791 2884 63
807 2840 849 2898 sq.
866 2817 947 2879 ovid.
964 2818 1051 2877 Trist.
1074 2817 1109 2888 V,

91 2910 121 2976 6,
140 2908 178 2965 13
194 2925 249 2983 sup,
263 2903 311 2963 ubi
326 2905 426 2982 genius
442 2905 545 2964 natalis
560 2904 768 2982 inteiligendus.
793 2905 871 2964 Diem
887 2907 973 2981 igitur
989 2904 1110 2962 natalem

92 2991 212 3047 melrhre
235 2990 340 3066 lapillo
356 2991 479 3067 signare
500 2990 613 3049 iubetur
634 2990 788 3049 Macrinus.
819 2989 929 3049 Etenim
946 3000 975 3048 ut
992 2988 1110 3067 Phylar-

91 3074 161 3134 chus
177 3075 302 3133 narravit
326 3072 415 3152 (apud
436 3075 545 3134 Zenob.
561 3094 686 3153 paruem.
708 3075 757 3144 Vt,
775 3078 823 3137 13.
841 3072 919 3133 Suid.
935 3094 959 3132 s.
976 3094 1003 3134 v.
1019 3069 1109 3146 λευκὴ
1226 3124 1229 3129 ,

90 3156 200 3240 ἡμέρα,
217 3159 255 3218 ci.
278 3159 369 3218 Lucht
390 3157 426 3218 ad
441 3159 521 3239 Phyi.
539 3181 566 3239 p.
591 3163 664 3232 134)
681 3157 807 3237 Scythae
829 3162 927 3239 quovis
942 3159 1006 3230 dic,
1029 3169 1112 3235 prout

91 3245 138 3303 rei
153 3245 257 3304 laetum
279 3244 326 3303 rel
348 3245 491 3305 infelicem
515 3255 687 3304 transactum
703 3244 875 3314 censebant,
905 3243 1041 3303 calculum
1061 3254 1111 3301 aut

91 3329 182 3388 album
199 3340 248 3388 aut
262 3341 353 3388 atrum
368 3330 520 3408 pharetrae
531 3330 724 3399 immittebant,
740 3330 785 3408 qui
801 3339 866 3407 pust
881 3338 997 3387 martem
1013 3347 1030 3386 a
1045 3346 1112 3406 prn-

91 3411 202 3492 pinquis
225 3414 491 3487 dinumerabantur3
523 3426 553 3474 et
575 3416 664 3474 simile
686 3415 752 3495 quid
778 3413 813 3472 de
836 3414 995 3472 Thracibus
1026 3411 1112 3471 tradit

91 3497 198 3557 Plinius
214 3498 261 3571 (ΙΙ.
277 3499 313 3558 N.
330 3498 392 3570 vlt,
407 3504 459 3570 46,
475 3505 541 3571 ii).
561 3501 639 3560 hinne
655 3519 779 3569 morem,
795 3510 826 3558 ut
840 3499 894 3558 huc
910 3501 973 3557 loen
983 3497 1110 3569 Persius,

90 3585 131 3643 ita
146 3584 194 3642 alii
209 3582 395 3644 Romanorum
410 3585 565 3664 scripturas
581 3587 746 3664 saepissime
762 3595 961 3662 respexerunt,
986 3583 1025 3643 ci.
1038 3582 1108 3642 Piin.

91 3689 156 3748 epp.
172 3669 222 3740 vl,
240 3673 289 3740 11,
305 3673 337 3731 3.
360 3666 434 3729 Stat.
458 3669 528 3728 sitv.
552 3671 601 3740 tv,
624 3675 654 3741 6,
679 3674 728 3732 18.
749 3669 836 3729 biart.
860 3668 934 3740 vtu,
953 3673 1006 3740 ta,
1025 3673 1057 3730 2.
1071 3667 1110 3735 ΙΙ,

91 3759 143 3826 38,
159 3760 180 3816 h
195 3774 239 3834 sq.
254 3753 304 3826 ΧΙ,
319 3759 372 3825 36,
389 3760 418 3827 1,
433 3756 479 3834 qui
494 3755 544 3827 ΙΧ,
560 3760 611 3825 62,
627 3759 647 3817 3
663 3774 705 3834 sq.
722 3757 778 3813 aits
801 3753 904 3825 „uun
928 3765 1046 3832 unaque
1063 3753 1111 3811 iux

91 3838 210 3920 diesque
219 3840 299 3898 nobis
307 3841 629 3919 Signandt'mehhribus
640 3841 788 3919 lupa'llrh.“
806 3839 879 3898 Prae
895 3840 1001 3899 ceteris
1016 3847 1109 3896 autem

91 3924 136 3982 die
159 3925 245 3984 natali
267 3945 319 3984 suo
341 3927 460 4004 quisque
479 3927 568 4002 gensis
585 3924 781 3995 sacrificabat,
811 3935 841 3984 et
867 3927 980 4004 antiquo
998 3921 1110 4002 quiden

91 4029 170 4069 mure
185 4012 252 4068 urire
267 4021 373 4069 tantuna
389 4021 419 4069 et
433 4010 528 4081 thure,
543 4029 636 4090 neque
650 4028 720 4069 vern
735 4009 838 4081 hostia,
854 4011 929 4090 quia,
944 4021 976 4068 ut
988 4018 1112 4069 testatur

91 4093 185 4153 Varro
201 4094 286 4174 (apud
310 4094 458 4154 censorin.
481 4098 525 4168 2),
541 4115 577 4155 ea
592 4095 648 4166 die,
669 4115 723 4175 qua
738 4095 791 4172 ipsi
815 4096 904 4154 iucem
920 4095 1111 4172 accepissent,

90 4181 153 4238 aiiis
162 4178 277 4240 demere
287 4180 436 4254 nuiebant3
453 4181 492 4238 ci.
508 4179 577 4238 cau.
594 4179 738 4241 Theches.
746 4178 824 4251 xvt,
842 4184 891 4251 tu,
909 4183 965 4243 12:
988 4177 1110 4251 „Nuiins

91 4299 135 4310 —
157 4264 260 4325 Larem
282 4267 367 4344 igne,
396 4285 476 4324 mero
501 4267 641 4338 Genium,
673 4264 797 4326 Penates
826 4263 923 4324 nidore
946 4273 1110 4341 veneratus,

92 4348 230 4410 accendat
246 4352 358 4422 lumina,
380 4352 503 4429 imponat
517 4363 591 4423 tura,
607 4363 685 4411 serta
700 4348 885 4430 suspendat.“
915 4348 996 4422 Quod
1017 4361 1110 4410 tamen

93 4456 147 4496 uon
163 4455 276 4515 semper
298 4438 337 4496 ita
360 4436 538 4497 obseruatum
562 4447 621 4508 est,
648 4437 686 4496 ci.
704 4435 880 4514 ilertzherg,
910 4433 945 4496 de
961 4433 1014 4494 diis
1030 4434 1109 4493 Rom.
