2574 5054
424 798 429 806 ·
498 771 607 834 PROL.
639 780 716 836 7-
734 776 783 835 10.
1107 767 1149 833 77

130 940 291 1016 celebrant,
305 942 406 1024 quihus
421 962 454 1003 se
470 953 558 1004 totum
580 941 766 1005 adnumerare
787 962 842 1003 noo
858 939 961 1014 audet,
984 939 1019 1001 ad
1034 945 1105 1003 vatis
1121 955 1157 1026 et⁸

132 1038 238 1109 poetae
253 1029 376 1108 perfecti
391 1049 493 1090 nomeu
508 1027 722 1111 haudquaquam
737 1028 893 1110 adspirans.

129 1196 137 1214 .
216 1169 244 1208 v.
261 1153 280 1211 8
296 1169 339 1230 sq.
361 1148 489 1208 Luxuria
510 1148 697 1209 Romanorum
712 1147 794 1209 valde
815 1147 868 1208 sihi
885 1147 1015 1226 placebat
1028 1149 1056 1207 iu
1071 1149 1151 1209 aleu-

130 1232 174 1294 dis
190 1233 299 1307 avibus,
315 1254 386 1314 quae
401 1254 500 1294 vocem
516 1235 691 1295 imitarentur
705 1234 862 1306 humanam,
878 1236 953 1293 iuter
968 1234 1151 1314 quasemiue·

132 1319 201 1380 haut
213 1322 360 1398 psittacus
379 1330 408 1379 et
418 1321 507 1398 pica,
525 1320 688 1401 quasillum
704 1320 874 1399 loquacitate
889 1320 1058 1400 superabat,
1075 1330 1149 1379 teste

134 1404 226 1465 Plinio
241 1404 276 1464 ll.
291 1404 330 1466 Ν.
347 1405 386 1478 Χ,
409 1409 460 1478 12,
485 1409 536 1478 53,
552 1403 603 1465 sed
617 1406 701 1465 vilior
721 1401 895 1477 habebatur,
920 1407 985 1485 quia
999 1405 1074 1464 illum
1090 1405 1151 1464 sola

130 1489 210 1552 ludia
225 1490 354 1550 mittebat
369 1489 463 1560 (Paua.
486 1491 521 1562 ll,
537 1494 590 1563 28,
607 1496 648 1563 1).
684 1489 761 1549 Nota
784 1501 849 1550 sunt
863 1489 954 1550 Ovidii
975 1490 1051 1564 (Am.
1067 1490 1102 1563 ll,
1119 1495 1149 1564 6)

130 1586 163 1636 et
177 1575 260 1636 Statii
277 1575 358 1649 (Silv.
373 1576 409 1648 11,
424 1580 456 1650 d)
472 1578 500 1635 iu
521 1577 659 1655 psittacos
682 1574 826 1655 epicedia,
848 1576 886 1635 cl.
902 1576 988 1635 Mart.
1006 1575 1083 1648 XIV,
1099 1580 1150 1638 73.

132 1658 272 1723 sotebant
287 1671 380 1721 aetem
406 1661 460 1720 hae
483 1680 552 1721 aves
576 1659 715 1720 salutandi
738 1659 873 1720 formulas
894 1662 1068 1762 potissimum
1083 1659 1151 1762 edp-

131 1749 204 1819 ceri,
226 1756 258 1806 ut
277 1745 347 1805 dicit
366 1746 552 1849 Philqstratus
576 1753 613 1822 (ι.
636 1743 730 1825 Apoll.
752 1747 865 1848 Thyaq.
887 1746 953 1817 1,7
933 1753 982 1820 7:)
1028 1742 1071 1807 Τὸ
1091 1741 1151 1851 peip

131 1830 256 1931 pcipe,
279 1830 332 1890 και
348 1853 382 1891 το
406 1819 447 1890 εὖ
467 1827 647 1932 πράττῃ,
656 1831 708 1890 καὶ
729 1826 762 1892 τὸ
784 1826 881 1901 Ζιὺς
904 1833 1032 1903 ἵλεως,
1050 1827 1152 1891 καὶτὰ

131 1917 257 2017 saturique
275 1937 303 1976 οι
295 1912 440 1999 ’ὄρνιθες
460 1912 597 1996 εὔχονται
611 1912 678 1976 οὔτε
693 1911 842 1986 ιίδὰτις”
825 1937 841 1976 u
860 1937 889 1974 τι
910 1913 995 2018 layqt·
998 1936 1060 1987 usu,
1084 1912 1151 1975 οὔτε

133 1999 167 2075 (l.
182 1997 235 2061 οὔτ
233 1989 297 2073 ’sip
315 1999 497 2079 διακείμενοι
509 1997 587 2083 πρὸς
598 1997 668 2071 τούς
682 1997 884 2084 ἀνθρώποις,
907 2024 926 2060 α
916 1997 980 2060 'tta
1003 1999 1150 2083 ἐρ’ρυθμι·

134 2105 238 2165 opscos
247 2107 301 2159 την
312 2087 454 2165 γλῶτταν.
474 2086 517 2145 lta
531 2085 603 2186 apud
613 2086 847 2146 Trimalchionem
863 2105 950 2166 super
965 2087 1048 2146 limen
1063 2105 1152 2146 cavea

133 2168 277 2251 pandebat
291 2190 397 2243 aurea,
421 2173 448 2229 in
465 2192 519 2250 qua
534 2174 597 2250 pica
613 2174 689 2230 varia
706 2175 844 2231 intrantes
869 2171 1010 2230 salutabat
1026 2171 1152 2244 (Petron.

131 2260 197 2331 28).
228 2254 369 2316 Psittacus
385 2266 477 2316 auteur
492 2277 575 2315 suum
589 2258 608 2315 i.
624 2274 651 2316 e.
667 2259 847 2335 peregrinum
868 2255 954 2340 χαῖρε
973 2258 1101 2329 sonabat,
1124 2267 1155 2316 ut

132 2341 265 2402 solehaut
280 2352 345 2400 tunc
367 2341 483 2400 Romani
506 2341 624 2402 Graecis
640 2343 767 2400 formulis
791 2343 841 2413 uti,
864 2343 925 2419 pica
941 2340 1074 2420 indigena
1088 2361 1155 2401 ver,

132 2427 235 2487 maculo
251 2446 382 2486 sermone
406 2427 539 2508 loquitur.
570 2429 645 2507 Apte
667 2441 760 2486 antem
784 2428 878 2506 posuit
899 2429 1040 2504 expedire
1062 2437 1092 2486 et
1107 2447 1153 2486 co·

133 2514 215 2585 nari,
232 2522 263 2571 ut
277 2509 469 2571 difficultatem
484 2513 594 2591 linguas
610 2511 764 2573 exercendi
778 2514 961 2592 exprimeret.
980 2513 1024 2570 cf.
1040 2513 1153 2592 Apulei.

134 2596 213 2657 Flos.
228 2618 257 2677 p.
273 2601 335 2660 349
350 2596 421 2656 lllnr.
438 2596 473 2657 de
488 2602 626 2677 psittaco:
658 2597 765 2657 Vocem
782 2600 805 2655 si
821 2595 931 2668 audias,
947 2597 1085 2660 homiaem
1103 2619 1153 2676 pu-

134 2692 198 2742 tes:
221 2702 285 2741 nam
301 2680 410 2762 quidem
427 2684 452 2741 si
465 2682 574 2755 videas,
590 2682 663 2742 idem
679 2685 793 2755 cuceri,
813 2702 868 2741 non
884 2685 988 2761 eloqui.
1022 2681 1155 2742 Similiter

135 2766 172 2827 de
191 2787 282 2848 puero
304 2768 380 2849 loqui
400 2770 552 2848 incipiente
574 2768 791 2841 Quinctiliauus:
813 2769 903 2827 uerba
924 2766 1069 2846 effingere
1092 2770 1155 2826 imi-

135 2854 403 2924 taurinancium,
421 2864 451 2912 et
466 2855 548 2932 loqui
562 2855 689 2930 prinum
706 2856 819 2912 ticcertc
835 2872 902 2911 uoce
922 2855 1045 2912 tentavit
1070 2854 1103 2925 (l.
1120 2853 1153 2913 0.

135 2937 259 3013 1,1‚s;
277 2943 341 3012 21).
377 2938 415 2997 Et
436 2937 471 2997 de
495 2941 617 3018 psittaco
639 2959 689 2998 suo
713 2937 794 2998 modo
817 2936 889 2997 idem
911 2957 1099 3018 expressurus
1116 2940 1155 2997 ait

136 3022 281 3082 Arnolsius
298 3021 372 3099 (adv.
389 3034 467 3102 gent.
484 3024 508 3083 ll
523 3045 551 3103 p.
567 3030 608 3087 78
623 3024 725 3097 dimi:
741 3024 828 3083 verha
844 3021 948 3096 (discit)
965 3034 995 3081 et
1009 3025 1154 3101 integrare

136 3118 169 3167 et
183 3110 293 3168 uomina
309 3128 425 3188 prorsus
440 3129 618 3188 expromere.

223 3269 250 3307 v.
283 3253 323 3310 10
348 3270 393 3328 sq.
419 3249 463 3306 cf.
480 3250 625 3309 Theocrit.
649 3249 727 3318 xxi,
753 3255 788 3310 l:
821 3246 972 3317 “,Ausmo
990 3244 1153 3324 chquns,

137 3323 217 3409 μόια
235 3328 289 3403 τὰς
312 3330 416 3412 τέχνας
437 3332 553 3417 ἐγείρει.
594 3333 685 3393 Plaut.
708 3334 797 3393 Stich.
813 3334 835 3405 1,
851 3338 881 3404 3,
896 3338 954 3395 23:
1000 3331 1155 3412 Paupertas

137 3437 236 3478 omnes
253 3429 330 3478 artes
346 3418 491 3497 perdocet.
510 3419 577 3478 Seu.
594 3440 641 3498 ep.
661 3425 718 3481 l5:
748 3418 896 3478 Admitte
888 3429 976 3489 ustos,
998 3438 1068 3497 quos
1084 3439 1156 3477 nora

138 3504 258 3563 artificia
274 3502 369 3563 docuit
384 3506 549 3563 lames-
578 3507 688 3583 ringens.
708 3506 752 3562 Cf.
768 3505 828 3564 Cic.
845 3502 879 3564 de
895 3505 961 3563 iinu.
977 3503 1014 3575 V,
1031 3508 1081 3573 13,
1097 3507 1155 3565 36:

138 3587 246 3648 Peioris
261 3592 376 3667 generis
393 3592 545 3664 (virtutum,
561 3610 633 3670 quae
648 3592 851 3668 ingenerantur
869 3599 969 3667 suapte
984 3596 1095 3659 natura)
1112 3599 1158 3647 est

138 3671 281 3747 docilitas,
297 3677 442 3747 memoria,
458 3695 530 3754 quae
547 3677 610 3735 iere
625 3677 715 3734 omnio
732 3676 908 3754 appellantur
922 3695 977 3733 uuo
993 3676 1096 3752 tageni
1106 3693 1157 3732 uo·

138 3761 224 3819 mine.
247 3794 289 3805 -
310 3762 397 3838 aequi
412 3765 524 3839 ponitur¹
544 3759 643 3821 eadem
666 3763 728 3820 lere
752 3763 908 3832 sententia,
925 3780 979 3838 qua
993 3761 1113 3829 secturi,
1128 3769 1159 3818 ut

139 3864 195 3903 uon
217 3855 273 3904 tam
295 3856 459 3924 spectetur,
488 3867 551 3905 num
567 3865 636 3905 vere
660 3848 721 3926 quis
743 3856 913 3925 assequatur
934 3843 963 3903 id
985 3843 1059 3924 quod
1080 3845 1157 3916 velit,

139 3928 192 3989 sed
213 3931 302 4010 ipsum
326 3929 458 3990 studium.
502 3931 544 3990 ltu
564 3931 635 3992 llor.
659 3942 714 3990 sat.
735 3932 757 4003 1,
782 3935 811 4002 6,
834 3936 874 3994 87
897 3929 1045 3990 mercedes
1068 3931 1158 4009 sequi.

138 4015 259 4075 Terent.
278 4016 385 4094 llecyr.
401 4016 449 4087 111,
473 4021 502 4087 5,
519 4021 555 4079 31
582 4015 755 4076 commodum
770 4018 866 4096 sequi3
888 4017 927 4075 ci.
944 4015 1004 4074 Cic.
1026 4014 1061 4074 de
1078 4015 1156 4093 legg.

140 4099 175 4172 11,
194 4107 222 4171 1,
238 4105 267 4163 3.
283 4121 313 4180 p.
330 4100 405 4160 Mur.
421 4105 473 4173 27,
490 4107 540 4163 55.
564 4101 644 4175 Quod
660 4104 748 4181 magis
764 4103 848 4161 etiam
864 4121 908 4161 vt.
924 4111 1050 4178 negatus
1076 4119 1159 4159 uoces

139 4187 317 4266 exprimitur,
340 4206 411 4265 quae
427 4187 549 4246 illustrat
562 4188 657 4247 Manil.
674 4188 710 4259 V,
727 4193 788 4250 377
810 4207 887 4266 sqq:
919 4187 991 4259 Quin
1007 4188 1090 4245 etiam
1106 4187 1159 4244 lin·

138 4290 212 4350 gnae
228 4271 366 4330 hominum
383 4291 541 4351 sensusque
557 4271 668 4333 docehit
685 4275 778 4333 aerias
793 4274 942 4343 volucres,
958 4305 997 4317 -
1014 4273 1158 4350 uerbaque

140 4358 299 4436 praecipiet
313 4367 442 4416 neturus
457 4360 522 4435 lege
537 4370 656 4437 uegeto.
687 4393 727 4404 -
757 4356 981 4436 crescereque,
998 4376 1114 4434 graeco,
1130 4366 1161 4413 ut

140 4443 228 4514 aium,
243 4441 466 4504 moreiuliuitiuo
478 4441 573 4504 addito
587 4444 706 4506 v.Pers.
721 4446 743 4516 l,
759 4447 815 4517 593
832 4447 873 4506 70
888 4463 946 4523 sq,
965 4447 1034 4505 118.
1047 4442 1084 4514 V,
1103 4446 1158 4516 153
