2574 5054
28 695 60 784 d
130 741 228 787 nme
451 716 817 782 rronnnonrnn.

130 892 212 979 gisse
231 891 273 956 ita
295 900 414 976 poetam
440 889 651 975 opprobrium,
680 889 767 974 qnasi
792 887 858 972 ipso
884 888 1043 968 finxiamt,
1073 909 1151 972 quae

130 1005 252 1059 nouret
272 987 306 1058 et
326 992 460 1071 rideret,
484 992 584 1076 qualia
604 1011 679 1056 vere
702 1012 764 1055 non
785 992 973 1057 extitissent.
1003 988 1068 1056 larn
1083 1011 1151 1056 cnm

129 1097 270 1162 traditum
293 1096 351 1175 sit,
374 1115 444 1160 esse
466 1094 521 1158 hos
549 1114 658 1159 versus
680 1091 837 1172 Neronis,
860 1095 965 1179 paucis
987 1094 1151 1159 videndum

130 1200 208 1279 erit,
233 1220 303 1264 nurn
319 1198 397 1264 haec
412 1197 565 1263 sententia
579 1197 672 1262 firmis
688 1197 875 1282 argumentis
888 1197 1002 1261 nitatur
1020 1205 1044 1259 ¹.

214 1297 337 1366 Incerta
358 1311 431 1365 snut
451 1310 484 1365 et
497 1299 555 1364 sihi
571 1299 744 1378 contraria,
767 1319 844 1382 qnae
859 1299 891 1363 in
905 1298 1030 1364 scholiis
1045 1299 1152 1384 legun·

130 1415 192 1468 tur.
220 1400 302 1467 Nam
319 1404 371 1483 (ad
387 1427 420 1469 v.
436 1400 493 1484 93)
510 1424 577 1466 cnm
593 1401 718 1485 primnm
733 1401 829 1466 schol.
848 1401 995 1466 dixissete
1018 1400 1068 1465 111·
1084 1422 1152 1465 ner-

129 1528 185 1571 enr
207 1506 347 1591 exempli
365 1526 461 1568 conso
476 1504 708 1589 proferentum
729 1524 791 1567 non
815 1513 917 1568 mem
936 1503 1150 1576 welpered,

129 1609 188 1674 red
207 1618 321 1693 poetae
347 1609 450 1670 nescio
480 1609 567 1669 craias
587 1607 833 1693 grueeehsonte‘a,
862 1617 968 1690 postea
993 1606 1148 1689 adiungit:

130 1710 176 1774 Et
197 1710 277 1773 dicit
295 1708 353 1773 hor
373 1729 483 1772 verene
504 1707 642 1772 Neronis
664 1709 697 1771 ἐκ
717 1706 796 1771 haec
815 1709 940 1771 nomme
961 1706 1148 1771 desinentes.

131 1810 280 1877 Similiter
295 1821 400 1895 postea
416 1810 467 1894 (ud
483 1832 515 1874 v.
531 1808 588 1894 99)
604 1810 700 1874 dixit:
725 1808 770 1874 Hi
789 1829 898 1873 verm
911 1809 1050 1875 Neronis
1064 1818 1150 1883 aaut,

130 1924 235 1999 postea
250 1923 371 1978 antemr
394 1912 468 1999 lpse
482 1921 585 1977 cutem
600 1906 841 1992 Pereineflnss'eit
859 1912 917 1976 hoe
938 1933 1047 1976 nerana
1067 1913 1153 1975 edan

130 2015 191 2079 ulii
210 2016 335 2094 dicunt,
360 2017 392 2080 in
415 2016 549 2080 elicerem
570 2014 785 2078 imitationem.
819 2011 895 2079 lnde
918 2024 1064 2100 apparet,
1086 2023 1151 2078 tres

129 2118 223 2182 luisse
255 2119 441 2197 sententias,
471 2127 524 2182 ant
549 2114 690 2181 Persium
715 2116 840 2181 finxisse
861 2114 919 2181 hos
940 2136 1070 2193 versun,
1100 2125 1154 2179 aut

131 2239 199 2284 esse
216 2220 291 2284 alius
308 2220 460 2285 cuiusdam
476 2230 604 2304 poetae,
628 2219 714 2283 cuius
735 2238 844 2282 nomen
864 2219 1078 2302 ignoraretur,
1101 2228 1153 2281 ant

132 2322 260 2405 denique
275 2321 425 2387 Neronis.
455 2320 541 2386 llanc
557 2332 680 2386 secutus
701 2322 820 2405 estqui
842 2321 897 2387 hos
918 2342 983 2385 vss.
1008 2330 1149 2405 tanquam

129 2423 268 2489 Neronis
282 2425 384 2489 laudat
398 2421 499 2511 Myth.
517 2421 592 2489 Vat.
609 2418 667 2500 lll,
686 2422 738 2501 12,
754 2425 787 2491 2.
826 2422 910 2507 Quas
925 2423 967 2487 ita
982 2423 1013 2486 iu
1028 2422 1153 2488 scholiis

130 2527 215 2592 iuxta
226 2549 261 2592 se
270 2527 383 2612 positas
392 2547 474 2605 esse,
484 2547 544 2590 non
560 2526 771 2609 mirahiturqui
784 2527 886 2591 talium
896 2525 1005 2591 scholl.
1015 2536 1153 2589 naturam

130 2629 383 2693 consideraverit.
406 2627 553 2694 lanvero
564 2630 683 2707 lamam,
699 2626 733 2692 N
735 2625 1003 2694 erouemaPersio
1016 2638 1153 2692 notatum

131 2749 214 2808 esse,
229 2731 434 2813 pervulgatam
451 2731 558 2810 luisse,
577 2731 636 2796 alia
650 2752 767 2816 quoqne
779 2731 899 2810 docent,
915 2751 992 2815 quoe
1003 2727 1152 2795 iuscholl.

130 2831 291 2914 leguntur,
321 2844 355 2896 ut
382 2834 459 2917 qnod
488 2844 611 2900 notatur
640 2834 691 2915 (ad
707 2856 739 2898 v.
755 2833 834 2921 29),
866 2831 1026 2899 Neronem
1052 2833 1152 2918 ungi,

131 2935 216 2997 cuins
232 2936 382 3015 carmine,
407 2937 476 3021 qnia
499 2938 682 3021 imperaret,
705 2957 761 3020 per
774 2936 896 3002 scholas
911 2935 1153 3013 celebrarentur,

130 3040 204 3104 item
228 3039 277 3115 (nd
293 3061 324 3103 v.
343 3038 397 3120 3),
428 3037 588 3104 Neronem
609 3038 839 3122 intelligendum
861 3059 931 3104 esse
952 3038 1008 3102 suh
1030 3039 1155 3103 nominc

131 3140 376 3229 Pulydamantis,
401 3152 453 3205 ant
475 3141 528 3224 (ad
544 3164 575 3205 v.
593 3138 671 3221 128)
693 3140 852 3205 Neronem
875 3139 1061 3226 perstringi,
1086 3141 1156 3224 quia

131 3244 328 3309 inveheretur
349 3245 381 3308 in
404 3242 712 3327 tragoediographus,
743 3253 794 3305 aut
816 3239 939 3307 Iliadem
961 3243 1015 3322 (ad
1030 3264 1061 3306 r.
1080 3241 1156 3329 121)

132 3365 201 3411 esse
224 3347 323 3432 potins
344 3344 482 3410 Neronis
506 3344 632 3408 Troica.
677 3341 865 3427 Quamquam
886 3344 961 3409 haec
982 3344 1090 3429 partim
1114 3344 1157 3408 ita

131 3459 306 3531 comparata
329 3459 419 3524 snnt,
444 3458 478 3511 nt
499 3447 630 3531 putidum
653 3446 836 3511 scholiastae
859 3447 1008 3511 rationem
1030 3446 1158 3510 demon·

130 3559 230 3615 etrent
243 3558 275 3630 2,
302 3560 404 3614 tamen
419 3551 517 3615 lamae
533 3549 612 3613 illius
628 3550 743 3613 veritas
766 3549 836 3613 inde
852 3547 1019 3634 impugnari
1036 3549 1156 3632 neqnit,

133 3719 146 3772 1
167 3720 204 3772 tte
217 3720 265 3771 hae
278 3722 428 3788 quaestione
441 3736 466 3771 r.
483 3719 540 3773 VV.
555 3720 608 3772 llll.
624 3736 648 3788 p.
663 3721 713 3773 1118
728 3721 856 3772 laudatos.
869 3719 981 3773 Neronis
992 3734 1050 3771 esse
1063 3734 1158 3771 venua

166 3796 301 3908 praeterea
323 3797 483 3841 censuerunt
500 3788 577 3842 Voss.
599 3790 662 3840 inst.
680 3805 719 3839 nr.
741 3788 774 3852 V,
796 3793 820 3852 5,
839 3790 865 3844 2.
892 3788 922 3841 C.
937 3789 1024 3840 Barth.
1039 3789 1072 3839 ad
1087 3788 1155 3839 Stat.

167 3857 248 3976 Ahah.
272 3857 318 3920 tx,
338 3861 398 3913 sot.
427 3858 508 3911 lleiru.
529 3859 562 3910 ad
581 3857 687 3910 Dionem
707 3857 737 3909 C.
756 3856 824 3922 LXl,
842 3859 886 3914 20.
911 3857 1056 3911 Weiehcrt.
1078 3857 1155 3909 Gaea.

190 3943 234 3989 ng.
255 3927 315 3977 rell.
352 3929 441 3981 .109.

124 3993 150 4050 2
167 3992 194 4044 ln
213 3994 282 4046 huuc
299 3944 401 4046 corianae
419 3997 544 4060 veniunt,
571 3995 636 4063 qnod
654 3994 723 4048 Nero
741 3995 825 4046 dictus
847 3995 882 4047 sit
899 3993 1068 4062 Polydamas,
1096 3995 1156 4062 quia

166 4061 255 4113 moltis
282 4066 397 4129 nupserit
421 4063 466 4130 (ad
489 4081 514 4116 r.
537 4064 581 4130 1),
607 4071 653 4116 aut
677 4065 743 4131 quod
768 4064 871 4117 Persius
894 4062 1030 4115 Claudium
1055 4071 1083 4115 ct
1107 4063 1156 4115 Ne·

169 4146 254 4181 ronern
273 4133 468 4196 perstrinxerit,
496 4134 557 4201 qula
581 4134 691 4199 gaudes
714 4149 792 4185 auree
816 4133 955 4185 habuerint
972 4133 1016 4195 (ad
1035 4148 1061 4183 v.
1083 4133 1154 4198 tte).

167 4198 239 4265 Quod
257 4215 319 4250 vero
337 4201 381 4268 (ad
399 4216 426 4251 v.
448 4203 507 4267 128)
533 4201 601 4254 Nero
625 4203 697 4267 tongi
722 4204 834 4267 dicitur,
862 4202 923 4269 quin
940 4201 1113 4253 invehebatur
1129 4204 1156 4252 ln

168 4268 427 4337 tragoediographus,
454 4270 480 4320 id
506 4279 576 4323 recto
600 4273 700 4339 qnideru
725 4287 753 4323 se
771 4272 866 4323 hahere
885 4287 933 4322 non
951 4270 1073 4333 ridetur,
1099 4271 1157 4322 vide

167 4345 253 4388 autern
280 4353 339 4389 unm
366 4337 474 4388 tortasse
496 4340 567 4390 allud
591 4342 651 4406 qnid
676 4341 737 4392 olinr
760 4348 909 4393 annotatum
928 4340 1016 4391 luerit.
1049 4339 1157 4392 Scilicet

168 4406 281 4473 pertinet
305 4407 330 4458 id
354 4407 386 4458 ad
406 4407 484 4458 verba
503 4415 609 4474 poetae:
637 4415 665 4461 et
682 4410 757 4463 laceo
775 4414 825 4477 qur·
837 4413 928 4477 poerit
945 4409 1050 4462 dicere:
1069 4410 1153 4462 lusce.
