2574 5054
139 750 183 818 94
498 751 582 813 8ΑΤ.
598 751 620 824 l,
635 754 677 816 bf
691 785 733 797 -
748 756 799 815 ott.

140 927 195 983 iam
210 942 265 981 non
281 938 348 983 asse
364 924 610 1003 compositionem,
636 920 688 983 sed
703 920 929 995 modulationem,
945 918 1018 982 adeo
1032 919 1160 981 blandiri

141 1027 203 1070 eam
219 1018 249 1068 at
263 1007 386 1068 molliter
399 1008 466 1080 labi,
482 1011 526 1068 cui
542 1006 654 1069 accedit
668 1008 853 1082 Quintilianus
870 1007 918 1082 (V,
936 1011 986 1079 12,
1003 1009 1074 1080 18),
1090 1005 1160 1066 dum

136 1094 272 1175 queritur,
287 1091 409 1152 babitum
425 1096 560 1153 orationis
575 1095 683 1154 virilem
698 1103 729 1152 et
742 1094 816 1153 illam
831 1093 884 1151 vim
901 1095 1000 1152 stricte
1019 1091 1159 1152 robuste-

136 1197 190 1260 que
212 1177 324 1238 dicendi
352 1190 453 1239 tenera
474 1178 592 1259 quadam
612 1180 779 1239 elocutionis
801 1189 867 1238 oute
889 1178 1012 1257 operiri,
1034 1186 1065 1236 et
1087 1174 1157 1236 dum

136 1265 211 1325 levia
225 1266 282 1323 sint
296 1282 332 1324 ac
347 1261 450 1335 nitida,
471 1275 603 1344 quantum
616 1265 730 1325 valeant
751 1265 892 1324 neminem
914 1281 1026 1323 curare.
1071 1261 1158 1336 Quae

135 1352 189 1409 iam
205 1361 360 1429 sequuntur
382 1347 501 1422 iudicia,
523 1370 558 1410 ea
580 1360 611 1410 ut
631 1369 670 1410 cx
691 1349 786 1430 populi
807 1367 858 1409 occ
880 1346 1156 1420 desumta,rntioae

133 1434 170 1494 ab
185 1435 311 1495 artificiis
331 1436 455 1514 repetita
476 1435 625 1516 eloquitur.
658 1434 848 1506 blarmorarii,
870 1444 900 1492 ut
914 1444 1037 1494 testatur
1051 1431 1154 1494 Scbol.

134 1520 231 1580 llorat.
248 1529 303 1578 sat.
318 1520 340 1591 l,
356 1525 385 1592 5,
402 1523 452 1582 32.
468 1519 505 1580 A.
524 1520 555 1580 Ρ.
571 1523 644 1584 294.
661 1519 743 1581 Serv.
756 1518 881 1598 adlit-g.
897 1516 1053 1597 (burg-ll,
1075 1521 1156 1590 2⁷⁷,

136 1605 273 1684 unguibus
295 1606 507 1675 examinabant,
522 1625 585 1665 num
601 1608 640 1664 ita
664 1606 716 1665 sibi
732 1606 916 1665 convenirent
930 1601 1038 1682 lapides
1057 1603 1153 1682 politi,

134 1702 166 1751 ut
182 1693 330 1751 iuncturae
353 1710 409 1750 non
429 1703 549 1770 potsunt
562 1690 746 1770 deprehendi.
768 1689 844 1750 ldom
860 1689 1002 1767 signifieat
1016 1685 1155 1748 Sidonius

132 1776 257 1856 apotttn.
281 1784 357 1855 (opp.
371 1775 422 1848 1x‚
438 1781 481 1850 7),
504 1779 551 1856 qui
572 1789 697 1836 nostrum
720 1777 811 1837 locum
834 1786 898 1836 ante
922 1774 1019 1834 oculos
1034 1772 1153 1833 babuita

132 1860 303 1936 „Structura
318 1862 400 1921 fortis
417 1872 446 1922 et
465 1862 543 1922 firma
558 1862 836 1941 coniunctionumque
851 1860 1059 1940 perfacetarum
1074 1877 1154 1919 nexa

133 1948 262 2008 caesuris
276 1946 488 2019 insolubilibus,
512 1945 565 2007 sed
587 1966 640 2007 uec
661 1948 725 2007 binc
747 1949 836 2006 minus
860 1945 968 2005 lubrica
983 1954 1013 2004 et
1027 1943 1101 2004 levis
1116 1962 1154 2004 ac

132 2030 222 2092 modis
238 2032 364 2091 omnibns
380 2030 557 2105 erotundata,
572 2052 700 2112 quaeque
715 2033 830 2092 lectoris
846 2030 967 2109 lingnam
982 2029 1151 2089 inoffensam

134 2116 272 2177 decenter
291 2115 442 2196 expediat,
463 2137 499 2177 nc
522 2119 685 2178 salebrosas
707 2137 793 2197 passa
813 2118 957 2175 iuncturas
974 2113 1026 2195 [cf.
1042 2112 1150 2175 Senee.

135 2221 181 2283 ep.
197 2201 299 2274 XCIV,
317 2206 356 2264 15
377 2223 403 2281 p.
422 2206 483 2266 167
508 2201 601 2262 Scbw.
622 2205 802 2263 noluntsaiee
822 2201 941 2261 salebra
954 2219 1017 2259 cese
1032 2201 1151 2259 abam-

134 2288 208 2366 rum]
231 2305 443 2365 perueneram
466 2288 551 2368 palati
566 2290 691 2348 volutata
711 2287 857 2348 balbutiat.
892 2285 964 2345 'lota
978 2283 1101 2366 denique
1116 2286 1151 2346 li-

133 2370 218 2452 quida
233 2392 349 2450 prorsus
371 2383 402 2432 et
416 2371 544 2445 ductilis,
563 2374 650 2435 veluti
672 2392 734 2433 cum
751 2370 929 2452 crystallinas
950 2381 1061 2429 crustas
1076 2390 1152 2450 ony-

133 2457 271 2516 cbiutinas
286 2479 341 2517 uon
357 2459 478 2537 impacto
493 2459 596 2538 digitus
612 2478 705 2536 ungue
720 2458 893 2538 perlabitur:
923 2457 1025 2536 qnippe
1039 2457 1064 2515 ei
1079 2455 1151 2516 nibil

132 2561 195 2602 eum
210 2543 322 2601 mmoais
337 2543 464 2602 obicibus
479 2554 627 2624 exceptum
643 2554 730 2604 tenax
744 2544 870 2603 fractura
885 2548 1075 2602 remoretur.“
1105 2540 1149 2600 lta

132 2646 235 2688 revera
257 2627 383 2688 Persium
408 2647 468 2688 rem
491 2629 544 2688 sibi
565 2630 735 2688 informasse
759 2626 845 2688 docet
865 2648 893 2686 v.
918 2628 1074 2698 abacturus,
1092 2646 1150 2706 qne

133 2711 233 2773 eodem
242 2710 1149 2792 mododaorationensusestSeuecnl.l.,etaptissimaestbnoc

132 2797 359 2877 comparationbi
368 2796 403 2858 de
412 2798 603 2859 levioratione
613 2809 767 2859 sermoest.
782 2797 1040 2877 Eodempertinere
1049 2795 1150 2856 vidce-

131 2885 218 2942 turria
234 2902 359 2960 unguem
377 2886 555 2944 committere
574 2882 647 2964 apud
669 2883 747 2944 Cels.
768 2883 843 2954 Vlll,
865 2889 894 2954 1,
916 2884 947 2941 in
965 2901 1148 2961 νημαι-

131 2964 335 3047 abagercapnd
349 2968 460 3028 Vitruv.
475 2969 525 3042 lV,
541 2973 570 3040 6,
586 2981 616 3030 et
631 2989 747 3049 graeca,
762 2969 885 3049 quaebis
901 2966 1149 3031 contulitSebnci·

130 3050 194 3113 der.
212 3053 269 3113 lex.
284 3073 328 3132 gr.
344 3073 369 3112 s.
384 3074 411 3113 v.
427 3050 510 3126 ὄνυξ,
534 3055 633 3135 quibus
654 3074 736 3135 quam
757 3054 971 3114 accuratissima
986 3053 1148 3113 coniunctio

130 3149 161 3197 et
173 3139 333 3199 commissio
348 3149 470 3211 notatur,
486 3138 558 3199 uode
567 3140 614 3199 illa
628 3140 729 3200 levitas
738 3141 836 3198 oritur.
851 3137 945 3219 Atque
954 3138 1147 3217 cumbiaquo·

128 3221 275 3283 dammodo
290 3223 490 3284 conferendum
512 3236 558 3284 est
579 3223 651 3305 quod
666 3222 891 3305 apudVirgilium
908 3223 1011 3302 legitur
1025 3221 1146 3303 (Georp.

131 3307 166 3380 ll,
182 3313 245 3371 277
260 3314 335 3389 aq.):
358 3307 420 3368 Nec
443 3312 538 3369 secius
560 3311 651 3369 omnis
672 3312 702 3369 tia
727 3329 853 3388 unguem
874 3306 1022 3368 arboribus
1045 3310 1146 3385 positia

130 3403 211 3453 secto
225 3394 270 3453 via
287 3394 372 3454 limite
388 3393 524 3474 quadrat3
548 3414 629 3476 quern
645 3406 760 3455 secutus
782 3405 828 3454 est
842 3393 997 3453 Columella
1012 3392 1076 3467 (xl,
1090 3396 1145 3474 2)=

127 3476 197 3537 'lum
218 3480 303 3538 etiam
323 3479 403 3539 abies
431 3488 517 3559 alque
539 3481 658 3559 populns
679 3480 796 3558 singulis
825 3480 920 3560 operis
949 3479 991 3538 ud
1017 3496 1145 3557 uagam

128 3561 316 3642 quadrantur:
332 3583 395 3623 nam
411 3564 457 3624 bie
479 3585 589 3645 qnoque
611 3563 647 3625 do
668 3575 748 3625 reeta
763 3565 856 3637 linea,
871 3583 944 3645 quae
959 3582 1066 3622 summa
1080 3560 1145 3623 dili·

127 3650 226 3726 gentis
247 3649 370 3708 tenenda
390 3651 442 3721 sit,
465 3669 558 3709 sermo
580 3661 641 3721 est3
673 3668 836 3731 quamquam
858 3651 904 3710 bic
934 3646 970 3708 ad
997 3648 1144 3709 centnm·

128 3735 222 3813 potius
237 3735 344 3805 aciem,
365 3754 446 3814 quarn
468 3733 502 3794 ad
524 3755 645 3814 unguem
668 3732 874 3815 provocandum
889 3735 951 3794 fnit.
995 3730 1054 3794 Sed
1067 3730 1144 3814 quod

126 3820 280 3897 praecipue
303 3820 348 3878 bic
369 3838 481 3900 qnoque
504 3831 666 3900 spectatur,
688 3818 717 3879 id
739 3831 799 3892 est,
820 3839 856 3880 ne
878 3839 934 3900 qua
954 3816 1144 3899 inaequalitas

125 3903 259 3964 olfendnt.
297 3904 351 3978 Qui
372 3905 457 3984 vulgo
477 3906 532 3966 buc
553 3906 701 3965 trabuntur
723 3905 831 3964 lloratii
853 3905 908 3964 loci
932 3904 980 3978 (Α.
995 3903 1028 3963 Ρ.
1048 3906 1142 3978 atet:

127 3988 223 4046 demea
235 4008 293 4048 noa
315 3992 525 4070 cmtlguuitod
536 4010 673 4070 unguem,
696 4000 726 4050 et
742 3988 816 4063 (Sat.
836 3990 991 4062 1‚5‚32)=
1027 3989 1070 4049 cd
1087 4006 1143 4048 aa·

124 4091 212 4150 guent
223 4072 330 4152 suctum
348 4076 429 4136 bomo
452 4077 502 4148 (of.
524 4074 635 4137 Ennod.
658 4095 723 4155 epp.
739 4075 811 4146 V,8
832 4076 1017 4153 coangusta
1035 4074 1143 4134 dacum

126 4163 245 4230 sermo),
260 4178 324 4219 eum
340 4161 368 4218 in
383 4162 418 4219 iis
433 4182 488 4220 uon
503 4171 559 4220 tem
575 4159 900 4231 deaccurataiunctura,
916 4158 968 4219 sed
982 4157 1019 4220 de
1034 4177 1142 4218 summa

125 4243 302 4321 perfectione
325 4256 435 4322 agatur,
449 4257 544 4324 potest
565 4246 793 4306 Wiuclelmanni
809 4246 961 4325 explicatio
977 4244 1063 4324 (Opp,
1078 4254 1099 4303 t.
1114 4243 1143 4301 V

127 4346 156 4406 p·
172 4330 213 4390 93
230 4346 291 4408 sqq.
306 4329 343 4391 el.
360 4350 388 4409 p.
404 4334 466 4394 386
481 4337 555 4413 sqq.)
570 4333 664 4413 potius
680 4329 873 4410 amplectenda
888 4329 988 4389 rideri.
1025 4328 1145 4388 Scilicet

129 4423 163 4472 ut
176 4432 260 4486 nune,
275 4415 315 4473 ita
329 4412 402 4495 apud
422 4419 571 4497 antiquos,
593 4416 732 4488 artifices,
754 4414 858 4497 siquid
874 4435 892 4477 e
906 4433 975 4477 eera
990 4413 1063 4492 (lue.
1079 4412 1144 4486 vlt,
