<?xml version="1.0" encoding="UTF-8"?>
<!DOCTYPE html PUBLIC "-//W3C//DTD XHTML 1.0 Transitional//EN"
    "http://www.w3.org/TR/xhtml1/DTD/xhtml1-transitional.dtd">
<html xmlns="http://www.w3.org/1999/xhtml" xml:lang="en" lang="en">
 <head>
  <title>
</title>
<meta http-equiv="Content-Type" content="text/html;charset=utf-8" />
  <meta name='ocr-system' content='tesseract 3.04.00' />
  <meta name='ocr-capabilities' content='ocr_page ocr_carea ocr_par ocr_line ocrx_word'/>
</head>
<body>
  <div class='ocr_page' id='page_1' title='image "./satirarumliberc00jahngoog_0086.png"; bbox 0 0 2574 5054; ppageno 0'>
   <div class='ocr_carea' id='block_1_1' title="bbox 376 753 1067 825">
    <p class='ocr_par' dir='ltr' id='par_1_1' title="bbox 376 753 1067 825">
     <span class='ocr_line' id='line_1_1' title="bbox 376 753 1067 825; baseline 0.01 -9"><span class='ocrx_word' id='word_1_1' title='bbox 376 753 738 820; x_wconf 78' lang='lat' dir='ltr'><strong>PROLEGOMENA.</strong></span> <span class='ocrx_word' id='word_1_2' title='bbox 989 782 1067 825; x_wconf 75' lang='lat' dir='ltr'><strong>sarx</strong></span> 
     </span>
    </p>
   </div>
   <div class='ocr_carea' id='block_1_2' title="bbox 46 923 1162 4478">
    <p class='ocr_par' dir='ltr' id='par_1_2' title="bbox 46 923 1162 4478">
     <span class='ocr_line' id='line_1_2' title="bbox 125 923 1067 1014; baseline 0.004 -23"><span class='ocrx_word' id='word_1_3' title='bbox 125 923 258 991; x_wconf 80' lang='lat' dir='ltr'><strong>blnltnm</strong></span> <span class='ocrx_word' id='word_1_4' title='bbox 280 925 318 991; x_wconf 95' lang='lat' dir='ltr'><strong>ab</strong></span> <span class='ocrx_word' id='word_1_5' title='bbox 337 924 386 992; x_wconf 91' lang='lat' dir='ltr'><strong>bis</strong></span> <span class='ocrx_word' id='word_1_6' title='bbox 408 927 529 993; x_wconf 81' lang='lat' dir='ltr'><strong>diversa</strong></span> <span class='ocrx_word' id='word_1_7' title='bbox 551 938 600 992; x_wconf 88' lang='lat' dir='ltr'><strong>est</strong></span> <span class='ocrx_word' id='word_1_8' title='bbox 620 927 714 1014; x_wconf 84' lang='lat' dir='ltr'><strong>primo</strong></span> <span class='ocrx_word' id='word_1_9' title='bbox 737 927 850 1006; x_wconf 85' lang='lat' dir='ltr'><strong>satira,</strong></span> <span class='ocrx_word' id='word_1_10' title='bbox 874 928 906 992; x_wconf 92' lang='lat' dir='ltr'><strong>in</strong></span> <span class='ocrx_word' id='word_1_11' title='bbox 925 951 983 1013; x_wconf 84' lang='lat' dir='ltr'><strong>qna</strong></span> <span class='ocrx_word' id='word_1_12' title='bbox 999 949 1067 996; x_wconf 90' lang='lat' dir='ltr'><strong>enm</strong></span> 
     </span>
     <span class='ocr_line' id='line_1_3' title="bbox 46 1028 1068 1114; baseline 0.004 -21"><span class='ocrx_word' id='word_1_13' title='bbox 46 1039 212 1114; x_wconf 79' lang='lat' dir='ltr'><strong>surruptum</strong></span> <span class='ocrx_word' id='word_1_14' title='bbox 227 1028 400 1095; x_wconf 90' lang='lat' dir='ltr'><strong>litterarum</strong></span> <span class='ocrx_word' id='word_1_15' title='bbox 415 1039 526 1095; x_wconf 86' lang='lat' dir='ltr'><strong>statum</strong></span> <span class='ocrx_word' id='word_1_16' title='bbox 537 1040 671 1109; x_wconf 73' lang='lat' dir='ltr'><strong>nemrot,</strong></span> <span class='ocrx_word' id='word_1_17' title='bbox 689 1029 905 1096; x_wconf 85' lang='lat' dir='ltr'><strong>olebebatsane</strong></span> <span class='ocrx_word' id='word_1_18' title='bbox 918 1031 1068 1097; x_wconf 88' lang='lat' dir='ltr'><strong>auditoria</strong></span> 
     </span>
     <span class='ocr_line' id='line_1_4' title="bbox 48 1128 1070 1217; baseline 0.005 -23"><span class='ocrx_word' id='word_1_19' title='bbox 48 1128 289 1216; x_wconf 82' lang='lat' dir='ltr'><strong>pbilosophorum</strong></span> <span class='ocrx_word' id='word_1_20' title='bbox 319 1131 493 1215; x_wconf 84' lang='lat' dir='ltr'><strong>relinquere</strong></span> <span class='ocrx_word' id='word_1_21' title='bbox 523 1132 676 1215; x_wconf 78' lang='lat' dir='ltr'>ipsamque</span> <span class='ocrx_word' id='word_1_22' title='bbox 710 1133 801 1198; x_wconf 87' lang='lat' dir='ltr'><strong>vitam</strong></span> <span class='ocrx_word' id='word_1_23' title='bbox 832 1153 1000 1217; x_wconf 86' lang='lat' dir='ltr'><strong>quaerere,</strong></span> <span class='ocrx_word' id='word_1_24' title='bbox 1035 1146 1070 1200; x_wconf 93' lang='lat' dir='ltr'><strong>nt</strong></span> 
     </span>
     <span class='ocr_line' id='line_1_5' title="bbox 49 1230 1068 1321; baseline 0.007 -25"><span class='ocrx_word' id='word_1_25' title='bbox 49 1232 156 1298; x_wconf 74' lang='lat' dir='ltr'><strong>aabrae</strong></span> <span class='ocrx_word' id='word_1_26' title='bbox 178 1235 307 1298; x_wconf 79' lang='lat' dir='ltr'><strong>officinm</strong></span> <span class='ocrx_word' id='word_1_27' title='bbox 328 1235 478 1321; x_wconf 86' lang='lat' dir='ltr'><strong>expleret.</strong></span> <span class='ocrx_word' id='word_1_28' title='bbox 510 1230 600 1316; x_wconf 82' lang='lat' dir='ltr'><strong>Quod</strong></span> <span class='ocrx_word' id='word_1_29' title='bbox 621 1253 695 1298; x_wconf 92' lang='lat' dir='ltr'><strong>vere</strong></span> <span class='ocrx_word' id='word_1_30' title='bbox 718 1254 787 1299; x_wconf 92' lang='lat' dir='ltr'><strong>eum</strong></span> <span class='ocrx_word' id='word_1_31' title='bbox 807 1235 937 1315; x_wconf 87' lang='lat' dir='ltr'><strong>leeisse,</strong></span> <span class='ocrx_word' id='word_1_32' title='bbox 961 1248 1068 1302; x_wconf 87' lang='lat' dir='ltr'><strong>ettam</strong></span> 
     </span>
     <span class='ocr_line' id='line_1_6' title="bbox 51 1336 1066 1422; baseline 0.006 -24"><span class='ocrx_word' id='word_1_33' title='bbox 51 1352 167 1415; x_wconf 67' lang='lat' dir='ltr'><strong>mrum,</strong></span> <span class='ocrx_word' id='word_1_34' title='bbox 185 1336 235 1419; x_wconf 83' lang='lat' dir='ltr'><strong>qni</strong></span> <span class='ocrx_word' id='word_1_35' title='bbox 250 1346 323 1400; x_wconf 89' lang='lat' dir='ltr'><strong>tune</strong></span> <span class='ocrx_word' id='word_1_36' title='bbox 338 1336 483 1421; x_wconf 89' lang='lat' dir='ltr'><strong>temporis</strong></span> <span class='ocrx_word' id='word_1_37' title='bbox 498 1337 617 1401; x_wconf 77' lang='lat' dir='ltr'><strong>litteras</strong></span> <span class='ocrx_word' id='word_1_38' title='bbox 633 1338 825 1417; x_wconf 78' lang='lat' dir='ltr'><strong>tractabant,</strong></span> <span class='ocrx_word' id='word_1_39' title='bbox 845 1358 933 1422; x_wconf 67' lang='lat' dir='ltr'><strong>mam</strong></span> <span class='ocrx_word' id='word_1_40' title='bbox 948 1360 1066 1419; x_wconf 89' lang='lat' dir='ltr'><strong>eurum,</strong></span> 
     </span>
     <span class='ocr_line' id='line_1_7' title="bbox 51 1437 1066 1526; baseline 0.007 -26"><span class='ocrx_word' id='word_1_41' title='bbox 51 1437 96 1518; x_wconf 61' lang='lat' dir='ltr'><strong>mi</strong></span> <span class='ocrx_word' id='word_1_42' title='bbox 113 1437 280 1502; x_wconf 75' lang='lat' dir='ltr'>audiebant</span> <span class='ocrx_word' id='word_1_43' title='bbox 302 1448 335 1504; x_wconf 90' lang='lat' dir='ltr'><strong>et</strong></span> <span class='ocrx_word' id='word_1_44' title='bbox 354 1437 547 1516; x_wconf 86' lang='lat' dir='ltr'><strong>inolioabant,</strong></span> <span class='ocrx_word' id='word_1_45' title='bbox 571 1438 750 1522; x_wconf 68' lang='lat' dir='ltr'><strong>pravitatem</strong></span> <span class='ocrx_word' id='word_1_46' title='bbox 774 1440 900 1525; x_wconf 79' lang='lat' dir='ltr'><strong>egregie</strong></span> <span class='ocrx_word' id='word_1_47' title='bbox 923 1450 1015 1526; x_wconf 88' lang='lat' dir='ltr'><strong>atque</strong></span> <span class='ocrx_word' id='word_1_48' title='bbox 1028 1443 1066 1507; x_wconf 82' lang='lat' dir='ltr'><strong>ool</strong></span> 
     </span>
     <span class='ocr_line' id='line_1_8' title="bbox 52 1538 1066 1625; baseline 0.008 -25"><span class='ocrx_word' id='word_1_49' title='bbox 52 1557 149 1602; x_wconf 77' lang='lat' dir='ltr'><strong>veruna</strong></span> <span class='ocrx_word' id='word_1_50' title='bbox 172 1538 350 1625; x_wconf 75' lang='lat' dir='ltr'>depinxisse</span> <span class='ocrx_word' id='word_1_51' title='bbox 372 1561 435 1605; x_wconf 93' lang='lat' dir='ltr'><strong>non</strong></span> <span class='ocrx_word' id='word_1_52' title='bbox 456 1550 558 1625; x_wconf 88' lang='lat' dir='ltr'><strong>potest</strong></span> <span class='ocrx_word' id='word_1_53' title='bbox 579 1541 698 1623; x_wconf 84' lang='lat' dir='ltr'><strong>negari.</strong></span> <span class='ocrx_word' id='word_1_54' title='bbox 741 1539 827 1606; x_wconf 91' lang='lat' dir='ltr'><strong>Nibil</strong></span> <span class='ocrx_word' id='word_1_55' title='bbox 848 1542 955 1606; x_wconf 91' lang='lat' dir='ltr'><strong>mirum</strong></span> <span class='ocrx_word' id='word_1_56' title='bbox 977 1565 1066 1624; x_wconf 88' lang='lat' dir='ltr'><strong>vero,</strong></span> 
     </span>
     <span class='ocr_line' id='line_1_9' title="bbox 54 1641 1068 1728; baseline 0.006 -25"><span class='ocrx_word' id='word_1_57' title='bbox 54 1641 122 1722; x_wconf 73' lang='lat' dir='ltr'><strong>quoi</strong></span> <span class='ocrx_word' id='word_1_58' title='bbox 146 1651 285 1706; x_wconf 81' lang='lat' dir='ltr'><strong>aeterum</strong></span> <span class='ocrx_word' id='word_1_59' title='bbox 305 1643 389 1707; x_wconf 83' lang='lat' dir='ltr'><strong>ritae</strong></span> <span class='ocrx_word' id='word_1_60' title='bbox 410 1642 488 1706; x_wconf 85' lang='lat' dir='ltr'><strong>baud</strong></span> <span class='ocrx_word' id='word_1_61' title='bbox 505 1652 663 1728; x_wconf 84' lang='lat' dir='ltr'><strong>expertum</strong></span> <span class='ocrx_word' id='word_1_62' title='bbox 679 1642 847 1708; x_wconf 89' lang='lat' dir='ltr'><strong>litterarum</strong></span> <span class='ocrx_word' id='word_1_63' title='bbox 864 1644 998 1709; x_wconf 77' lang='lat' dir='ltr'><strong>conditio</strong></span> <span class='ocrx_word' id='word_1_64' title='bbox 1013 1646 1068 1709; x_wconf 91' lang='lat' dir='ltr'><strong>mi-</strong></span> 
     </span>
     <span class='ocr_line' id='line_1_10' title="bbox 56 1743 1067 1829; baseline 0.007 -23"><span class='ocrx_word' id='word_1_65' title='bbox 56 1763 115 1807; x_wconf 84' lang='lat' dir='ltr'><strong>sera</strong></span> <span class='ocrx_word' id='word_1_66' title='bbox 130 1755 191 1808; x_wconf 90' lang='lat' dir='ltr'><strong>tam</strong></span> <span class='ocrx_word' id='word_1_67' title='bbox 207 1746 346 1829; x_wconf 83' lang='lat' dir='ltr'><strong>graviter</strong></span> <span class='ocrx_word' id='word_1_68' title='bbox 360 1745 538 1824; x_wconf 89' lang='lat' dir='ltr'><strong>oommovit,</strong></span> <span class='ocrx_word' id='word_1_69' title='bbox 561 1755 596 1808; x_wconf 92' lang='lat' dir='ltr'><strong>nt</strong></span> <span class='ocrx_word' id='word_1_70' title='bbox 615 1744 647 1808; x_wconf 93' lang='lat' dir='ltr'><strong>iu</strong></span> <span class='ocrx_word' id='word_1_71' title='bbox 668 1743 723 1809; x_wconf 88' lang='lat' dir='ltr'><strong>bao</strong></span> <span class='ocrx_word' id='word_1_72' title='bbox 738 1745 896 1809; x_wconf 85' lang='lat' dir='ltr'><strong>traetanola</strong></span> <span class='ocrx_word' id='word_1_73' title='bbox 910 1768 1016 1811; x_wconf 88' lang='lat' dir='ltr'><strong>verum</strong></span> <span class='ocrx_word' id='word_1_74' title='bbox 1033 1770 1067 1813; x_wconf 89' lang='lat' dir='ltr'><strong>se</strong></span> 
     </span>
     <span class='ocr_line' id='line_1_11' title="bbox 56 1845 1068 1930; baseline 0.003 -20"><span class='ocrx_word' id='word_1_75' title='bbox 56 1847 235 1930; x_wconf 82' lang='lat' dir='ltr'><strong>praestiterit</strong></span> <span class='ocrx_word' id='word_1_76' title='bbox 262 1846 433 1912; x_wconf 82' lang='lat' dir='ltr'><strong>satiricum:</strong></span> <span class='ocrx_word' id='word_1_77' title='bbox 465 1868 534 1911; x_wconf 86' lang='lat' dir='ltr'><strong>narn</strong></span> <span class='ocrx_word' id='word_1_78' title='bbox 563 1847 595 1910; x_wconf 89' lang='lat' dir='ltr'><strong>in</strong></span> <span class='ocrx_word' id='word_1_79' title='bbox 625 1846 672 1911; x_wconf 92' lang='lat' dir='ltr'><strong>bis</strong></span> <span class='ocrx_word' id='word_1_80' title='bbox 701 1847 876 1925; x_wconf 76' lang='lat' dir='ltr'><strong>habitabat,</strong></span> <span class='ocrx_word' id='word_1_81' title='bbox 913 1845 969 1913; x_wconf 91' lang='lat' dir='ltr'><strong>bas</strong></span> <span class='ocrx_word' id='word_1_82' title='bbox 990 1850 1068 1915; x_wconf 91' lang='lat' dir='ltr'><strong>bene</strong></span> 
     </span>
     <span class='ocr_line' id='line_1_12' title="bbox 58 1949 1068 2035; baseline 0.004 -22"><span class='ocrx_word' id='word_1_83' title='bbox 58 1951 183 2032; x_wconf 72' lang='lat' dir='ltr'><strong>eognitas</strong></span> <span class='ocrx_word' id='word_1_84' title='bbox 204 1950 345 2030; x_wconf 89' lang='lat' dir='ltr'><strong>amabat,</strong></span> <span class='ocrx_word' id='word_1_85' title='bbox 365 1971 463 2035; x_wconf 87' lang='lat' dir='ltr'><strong>neque</strong></span> <span class='ocrx_word' id='word_1_86' title='bbox 479 1970 602 2035; x_wconf 89' lang='lat' dir='ltr'><strong>pravam</strong></span> <span class='ocrx_word' id='word_1_87' title='bbox 618 1949 700 2014; x_wconf 86' lang='lat' dir='ltr'><strong>illam</strong></span> <span class='ocrx_word' id='word_1_88' title='bbox 717 1961 806 2034; x_wconf 89' lang='lat' dir='ltr'><strong>atque</strong></span> <span class='ocrx_word' id='word_1_89' title='bbox 822 1961 939 2035; x_wconf 81' lang='lat' dir='ltr'><strong>turpem</strong></span> <span class='ocrx_word' id='word_1_90' title='bbox 962 1973 1068 2017; x_wconf 86' lang='lat' dir='ltr'><strong>eorru-</strong></span> 
     </span>
     <span class='ocr_line' id='line_1_13' title="bbox 60 2047 1066 2139; baseline 0.004 -24"><span class='ocrx_word' id='word_1_91' title='bbox 60 2052 644 2137; x_wconf 81' lang='lat' dir='ltr'><strong>ptionemnonpoteratauimadvertere.</strong></span> <span class='ocrx_word' id='word_1_92' title='bbox 668 2047 1066 2139; x_wconf 87' lang='lat' dir='ltr'><strong>Vera,quamagebatvitn,</strong></span> 
     </span>
     <span class='ocr_line' id='line_1_14' title="bbox 61 2141 1067 2240; baseline 0.006 -26"><span class='ocrx_word' id='word_1_93' title='bbox 61 2172 110 2218; x_wconf 87' lang='lat' dir='ltr'><strong>aon</strong></span> <span class='ocrx_word' id='word_1_94' title='bbox 121 2155 305 2221; x_wconf 85' lang='lat' dir='ltr'><strong>versabatur</strong></span> <span class='ocrx_word' id='word_1_95' title='bbox 318 2155 350 2219; x_wconf 92' lang='lat' dir='ltr'><strong>in</strong></span> <span class='ocrx_word' id='word_1_96' title='bbox 364 2154 530 2240; x_wconf 80' lang='lat' dir='ltr'><strong>republica,</strong></span> <span class='ocrx_word' id='word_1_97' title='bbox 540 2141 592 2220; x_wconf 83' lang='lat' dir='ltr'><strong>seol</strong></span> <span class='ocrx_word' id='word_1_98' title='bbox 610 2155 641 2219; x_wconf 92' lang='lat' dir='ltr'><strong>in</strong></span> <span class='ocrx_word' id='word_1_99' title='bbox 657 2154 741 2220; x_wconf 86' lang='lat' dir='ltr'><strong>hisee</strong></span> <span class='ocrx_word' id='word_1_100' title='bbox 757 2155 925 2219; x_wconf 90' lang='lat' dir='ltr'><strong>litterarum</strong></span> <span class='ocrx_word' id='word_1_101' title='bbox 941 2156 1067 2237; x_wconf 84' lang='lat' dir='ltr'><strong>studiis3</strong></span> 
     </span>
     <span class='ocr_line' id='line_1_15' title="bbox 60 2253 1068 2345; baseline 0.002 -25"><span class='ocrx_word' id='word_1_102' title='bbox 60 2253 145 2340; x_wconf 64' lang='lat' dir='ltr'><strong>bone</strong></span> <span class='ocrx_word' id='word_1_103' title='bbox 166 2257 217 2322; x_wconf 89' lang='lat' dir='ltr'><strong>bie</strong></span> <span class='ocrx_word' id='word_1_104' title='bbox 240 2277 313 2322; x_wconf 85' lang='lat' dir='ltr'><strong>vere</strong></span> <span class='ocrx_word' id='word_1_105' title='bbox 334 2267 424 2341; x_wconf 88' lang='lat' dir='ltr'><strong>atque</strong></span> <span class='ocrx_word' id='word_1_106' title='bbox 438 2256 545 2320; x_wconf 90' lang='lat' dir='ltr'><strong>intimo</strong></span> <span class='ocrx_word' id='word_1_107' title='bbox 567 2257 668 2321; x_wconf 90' lang='lat' dir='ltr'><strong>auimo</strong></span> <span class='ocrx_word' id='word_1_108' title='bbox 691 2258 788 2322; x_wconf 87' lang='lat' dir='ltr'><strong>sensit</strong></span> <span class='ocrx_word' id='word_1_109' title='bbox 809 2278 974 2341; x_wconf 88' lang='lat' dir='ltr'><strong>verumque</strong></span> <span class='ocrx_word' id='word_1_110' title='bbox 998 2279 1068 2345; x_wconf 91' lang='lat' dir='ltr'><strong>per·</strong></span> 
     </span>
     <span class='ocr_line' id='line_1_16' title="bbox 62 2359 1067 2445; baseline 0.005 -24"><span class='ocrx_word' id='word_1_111' title='bbox 62 2359 127 2441; x_wconf 85' lang='lat' dir='ltr'><strong>oepit</strong></span> <span class='ocrx_word' id='word_1_112' title='bbox 142 2359 298 2439; x_wconf 84' lang='lat' dir='ltr'><strong>ololorem,</strong></span> <span class='ocrx_word' id='word_1_113' title='bbox 323 2380 389 2424; x_wconf 88' lang='lat' dir='ltr'><strong>oum</strong></span> <span class='ocrx_word' id='word_1_114' title='bbox 406 2379 442 2422; x_wconf 86' lang='lat' dir='ltr'><strong>ea</strong></span> <span class='ocrx_word' id='word_1_115' title='bbox 457 2360 613 2445; x_wconf 80' lang='lat' dir='ltr'><strong>profanata</strong></span> <span class='ocrx_word' id='word_1_116' title='bbox 629 2359 767 2438; x_wconf 84' lang='lat' dir='ltr'><strong>videret,</strong></span> <span class='ocrx_word' id='word_1_117' title='bbox 788 2379 864 2444; x_wconf 86' lang='lat' dir='ltr'><strong>quoe</strong></span> <span class='ocrx_word' id='word_1_118' title='bbox 880 2360 944 2443; x_wconf 91' lang='lat' dir='ltr'><strong>ipse</strong></span> <span class='ocrx_word' id='word_1_119' title='bbox 959 2372 1067 2426; x_wconf 86' lang='lat' dir='ltr'><strong>sancte</strong></span> 
     </span>
     <span class='ocr_line' id='line_1_17' title="bbox 62 2459 1067 2546; baseline 0.004 -24"><span class='ocrx_word' id='word_1_120' title='bbox 62 2461 177 2525; x_wconf 79' lang='lat' dir='ltr'><strong>solebat.</strong></span> <span class='ocrx_word' id='word_1_121' title='bbox 207 2460 276 2527; x_wconf 91' lang='lat' dir='ltr'><strong>lloe</strong></span> <span class='ocrx_word' id='word_1_122' title='bbox 299 2483 361 2525; x_wconf 90' lang='lat' dir='ltr'><strong>nou</strong></span> <span class='ocrx_word' id='word_1_123' title='bbox 384 2473 444 2526; x_wconf 69' lang='lat' dir='ltr'><strong>um</strong></span> <span class='ocrx_word' id='word_1_124' title='bbox 467 2461 608 2526; x_wconf 90' lang='lat' dir='ltr'><strong>iuvenilis</strong></span> <span class='ocrx_word' id='word_1_125' title='bbox 622 2459 723 2527; x_wconf 88' lang='lat' dir='ltr'><strong>Persii</strong></span> <span class='ocrx_word' id='word_1_126' title='bbox 738 2473 823 2527; x_wconf 91' lang='lat' dir='ltr'><strong>aetas</strong></span> <span class='ocrx_word' id='word_1_127' title='bbox 840 2462 956 2536; x_wconf 86' lang='lat' dir='ltr'><strong>eileeit,</strong></span> <span class='ocrx_word' id='word_1_128' title='bbox 981 2484 1067 2546; x_wconf 87' lang='lat' dir='ltr'><strong>quam</strong></span> 
     </span>
     <span class='ocr_line' id='line_1_18' title="bbox 62 2562 1067 2649; baseline 0.005 -24"><span class='ocrx_word' id='word_1_129' title='bbox 62 2571 231 2647; x_wconf 83' lang='lat' dir='ltr'><strong>temporum,</strong></span> <span class='ocrx_word' id='word_1_130' title='bbox 253 2563 360 2647; x_wconf 89' lang='lat' dir='ltr'><strong>quibus</strong></span> <span class='ocrx_word' id='word_1_131' title='bbox 375 2564 516 2640; x_wconf 84' lang='lat' dir='ltr'><strong>vivebat,</strong></span> <span class='ocrx_word' id='word_1_132' title='bbox 536 2564 628 2627; x_wconf 86' lang='lat' dir='ltr'><strong>ratio.</strong></span> <span class='ocrx_word' id='word_1_133' title='bbox 652 2562 733 2627; x_wconf 90' lang='lat' dir='ltr'><strong>Nam</strong></span> <span class='ocrx_word' id='word_1_134' title='bbox 750 2563 799 2628; x_wconf 92' lang='lat' dir='ltr'><strong>ubi</strong></span> <span class='ocrx_word' id='word_1_135' title='bbox 815 2586 833 2628; x_wconf 88' lang='lat' dir='ltr'><strong>a</strong></span> <span class='ocrx_word' id='word_1_136' title='bbox 849 2565 1001 2649; x_wconf 82' lang='lat' dir='ltr'><strong>republica</strong></span> <span class='ocrx_word' id='word_1_137' title='bbox 1016 2586 1067 2630; x_wconf 88' lang='lat' dir='ltr'><strong>re·</strong></span> 
     </span>
     <span class='ocr_line' id='line_1_19' title="bbox 63 2664 1064 2752; baseline 0.005 -28"><span class='ocrx_word' id='word_1_138' title='bbox 63 2677 186 2730; x_wconf 83' lang='lat' dir='ltr'><strong>novetur</strong></span> <span class='ocrx_word' id='word_1_139' title='bbox 199 2667 339 2752; x_wconf 90' lang='lat' dir='ltr'><strong>populus,</strong></span> <span class='ocrx_word' id='word_1_140' title='bbox 360 2686 459 2749; x_wconf 88' lang='lat' dir='ltr'><strong>neque</strong></span> <span class='ocrx_word' id='word_1_141' title='bbox 474 2664 539 2730; x_wconf 90' lang='lat' dir='ltr'><strong>eius</strong></span> <span class='ocrx_word' id='word_1_142' title='bbox 556 2687 628 2731; x_wconf 90' lang='lat' dir='ltr'><strong>eura</strong></span> <span class='ocrx_word' id='word_1_143' title='bbox 643 2667 779 2730; x_wconf 90' lang='lat' dir='ltr'><strong>virorum</strong></span> <span class='ocrx_word' id='word_1_144' title='bbox 795 2665 911 2730; x_wconf 88' lang='lat' dir='ltr'><strong>animos</strong></span> <span class='ocrx_word' id='word_1_145' title='bbox 926 2677 1064 2750; x_wconf 85' lang='lat' dir='ltr'><strong>occupat,</strong></span> 
     </span>
     <span class='ocr_line' id='line_1_20' title="bbox 64 2746 1068 2853; baseline 0.007 -27"><span class='ocrx_word' id='word_1_146' title='bbox 64 2746 218 2834; x_wconf 67' lang='lat' dir='ltr'><strong>oblitteras</strong></span> <span class='ocrx_word' id='word_1_147' title='bbox 234 2768 377 2833; x_wconf 86' lang='lat' dir='ltr'><strong>oolenolas</strong></span> <span class='ocrx_word' id='word_1_148' title='bbox 392 2767 490 2833; x_wconf 82' lang='lat' dir='ltr'><strong>studia</strong></span> <span class='ocrx_word' id='word_1_149' title='bbox 506 2789 540 2833; x_wconf 92' lang='lat' dir='ltr'><strong>se</strong></span> <span class='ocrx_word' id='word_1_150' title='bbox 557 2778 760 2846; x_wconf 83' lang='lat' dir='ltr'><strong>convertunt,</strong></span> <span class='ocrx_word' id='word_1_151' title='bbox 785 2778 816 2833; x_wconf 91' lang='lat' dir='ltr'><strong>et</strong></span> <span class='ocrx_word' id='word_1_152' title='bbox 835 2769 913 2853; x_wconf 88' lang='lat' dir='ltr'><strong>qood</strong></span> <span class='ocrx_word' id='word_1_153' title='bbox 937 2769 1068 2851; x_wconf 87' lang='lat' dir='ltr'><strong>antiquis</strong></span> 
     </span>
     <span class='ocr_line' id='line_1_21' title="bbox 65 2869 1067 2956; baseline 0.001 -25"><span class='ocrx_word' id='word_1_154' title='bbox 65 2869 227 2952; x_wconf 85' lang='lat' dir='ltr'><strong>reipublieae</strong></span> <span class='ocrx_word' id='word_1_155' title='bbox 249 2869 434 2956; x_wconf 83' lang='lat' dir='ltr'><strong>temporibus</strong></span> <span class='ocrx_word' id='word_1_156' title='bbox 458 2870 557 2935; x_wconf 89' lang='lat' dir='ltr'><strong>levius</strong></span> <span class='ocrx_word' id='word_1_157' title='bbox 588 2889 644 2934; x_wconf 87' lang='lat' dir='ltr'><strong>neo</strong></span> <span class='ocrx_word' id='word_1_158' title='bbox 673 2869 748 2934; x_wconf 89' lang='lat' dir='ltr'><strong>satis</strong></span> <span class='ocrx_word' id='word_1_159' title='bbox 777 2870 898 2954; x_wconf 82' lang='lat' dir='ltr'><strong>dignum</strong></span> <span class='ocrx_word' id='word_1_160' title='bbox 930 2869 1067 2933; x_wconf 87' lang='lat' dir='ltr'><strong>Romana</strong></span> 
     </span>
     <span class='ocr_line' id='line_1_22' title="bbox 65 2971 1069 3058; baseline 0 -22"><span class='ocrx_word' id='word_1_161' title='bbox 65 2973 196 3049; x_wconf 72' lang='lat' dir='ltr'><strong>guvitate</strong></span> <span class='ocrx_word' id='word_1_162' title='bbox 212 2973 395 3051; x_wconf 86' lang='lat' dir='ltr'><strong>videbatur,</strong></span> <span class='ocrx_word' id='word_1_163' title='bbox 411 2971 547 3037; x_wconf 87' lang='lat' dir='ltr'><strong>seribere</strong></span> <span class='ocrx_word' id='word_1_164' title='bbox 564 2982 595 3035; x_wconf 90' lang='lat' dir='ltr'><strong>et</strong></span> <span class='ocrx_word' id='word_1_165' title='bbox 608 2991 717 3036; x_wconf 88' lang='lat' dir='ltr'><strong>versus</strong></span> <span class='ocrx_word' id='word_1_166' title='bbox 732 2992 887 3058; x_wconf 84' lang='lat' dir='ltr'><strong>pangere,</strong></span> <span class='ocrx_word' id='word_1_167' title='bbox 906 2973 934 3037; x_wconf 87' lang='lat' dir='ltr'><strong>iol</strong></span> <span class='ocrx_word' id='word_1_168' title='bbox 951 2972 1069 3037; x_wconf 90' lang='lat' dir='ltr'><strong>sublata</strong></span> 
     </span>
     <span class='ocr_line' id='line_1_23' title="bbox 67 3069 1068 3160; baseline 0.006 -29"><span class='ocrx_word' id='word_1_169' title='bbox 67 3070 187 3140; x_wconf 84' lang='lat' dir='ltr'><strong>libertate</strong></span> <span class='ocrx_word' id='word_1_170' title='bbox 210 3076 327 3141; x_wconf 86' lang='lat' dir='ltr'><strong>maiore</strong></span> <span class='ocrx_word' id='word_1_171' title='bbox 348 3093 467 3158; x_wconf 89' lang='lat' dir='ltr'><strong>semper</strong></span> <span class='ocrx_word' id='word_1_172' title='bbox 489 3092 560 3160; x_wconf 87' lang='lat' dir='ltr'><strong>onra</strong></span> <span class='ocrx_word' id='word_1_173' title='bbox 581 3073 739 3156; x_wconf 83' lang='lat' dir='ltr'><strong>agebatur.</strong></span> <span class='ocrx_word' id='word_1_174' title='bbox 767 3069 814 3138; x_wconf 91' lang='lat' dir='ltr'><strong>lta</strong></span> <span class='ocrx_word' id='word_1_175' title='bbox 830 3074 887 3138; x_wconf 92' lang='lat' dir='ltr'><strong>boe</strong></span> <span class='ocrx_word' id='word_1_176' title='bbox 902 3073 1068 3139; x_wconf 89' lang='lat' dir='ltr'><strong>liberalium</strong></span> 
     </span>
     <span class='ocr_line' id='line_1_24' title="bbox 67 3175 1068 3242; baseline 0.003 -8"><span class='ocrx_word' id='word_1_177' title='bbox 67 3176 154 3239; x_wconf 82' lang='lat' dir='ltr'><strong>artium</strong></span> <span class='ocrx_word' id='word_1_178' title='bbox 169 3176 300 3242; x_wconf 86' lang='lat' dir='ltr'><strong>studium</strong></span> <span class='ocrx_word' id='word_1_179' title='bbox 316 3176 460 3240; x_wconf 82' lang='lat' dir='ltr'><strong>celeriter</strong></span> <span class='ocrx_word' id='word_1_180' title='bbox 474 3175 511 3238; x_wconf 83' lang='lat' dir='ltr'><strong>atl</strong></span> <span class='ocrx_word' id='word_1_181' title='bbox 535 3175 656 3238; x_wconf 85' lang='lat' dir='ltr'><strong>inanem</strong></span> <span class='ocrx_word' id='word_1_182' title='bbox 679 3175 872 3240; x_wconf 85' lang='lat' dir='ltr'><strong>iactationem</strong></span> <span class='ocrx_word' id='word_1_183' title='bbox 888 3188 919 3240; x_wconf 90' lang='lat' dir='ltr'><strong>et</strong></span> <span class='ocrx_word' id='word_1_184' title='bbox 934 3186 1068 3240; x_wconf 90' lang='lat' dir='ltr'><strong>ostenta-</strong></span> 
     </span>
     <span class='ocr_line' id='line_1_25' title="bbox 67 3275 1069 3363; baseline 0.003 -27"><span class='ocrx_word' id='word_1_185' title='bbox 67 3275 159 3342; x_wconf 80' lang='lat' dir='ltr'><strong>tionem</strong></span> <span class='ocrx_word' id='word_1_186' title='bbox 175 3280 319 3363; x_wconf 82' lang='lat' dir='ltr'><strong>pnerilem</strong></span> <span class='ocrx_word' id='word_1_187' title='bbox 335 3277 528 3354; x_wconf 87' lang='lat' dir='ltr'><strong>vertebatur,</strong></span> <span class='ocrx_word' id='word_1_188' title='bbox 552 3297 609 3359; x_wconf 88' lang='lat' dir='ltr'><strong>qna</strong></span> <span class='ocrx_word' id='word_1_189' title='bbox 624 3277 690 3340; x_wconf 90' lang='lat' dir='ltr'><strong>sine</strong></span> <span class='ocrx_word' id='word_1_190' title='bbox 705 3278 829 3362; x_wconf 85' lang='lat' dir='ltr'><strong>ingenio</strong></span> <span class='ocrx_word' id='word_1_191' title='bbox 852 3298 926 3343; x_wconf 88' lang='lat' dir='ltr'><strong>vere</strong></span> <span class='ocrx_word' id='word_1_192' title='bbox 949 3279 1069 3362; x_wconf 87' lang='lat' dir='ltr'><strong>poetioo</strong></span> 
     </span>
     <span class='ocr_line' id='line_1_26' title="bbox 68 3378 1067 3467; baseline 0 -25"><span class='ocrx_word' id='word_1_193' title='bbox 68 3378 117 3442; x_wconf 82' lang='lat' dir='ltr'><strong>ou</strong></span> <span class='ocrx_word' id='word_1_194' title='bbox 130 3401 270 3446; x_wconf 87' lang='lat' dir='ltr'><strong>versuum</strong></span> <span class='ocrx_word' id='word_1_195' title='bbox 287 3380 515 3467; x_wconf 72' lang='lat' dir='ltr'><strong>pauperiorum</strong></span> <span class='ocrx_word' id='word_1_196' title='bbox 530 3379 648 3442; x_wconf 87' lang='lat' dir='ltr'><strong>artiboii</strong></span> <span class='ocrx_word' id='word_1_197' title='bbox 670 3379 766 3463; x_wconf 86' lang='lat' dir='ltr'><strong>gloria</strong></span> <span class='ocrx_word' id='word_1_198' title='bbox 787 3380 959 3461; x_wconf 78' lang='lat' dir='ltr'><strong>gaudebant</strong></span> <span class='ocrx_word' id='word_1_199' title='bbox 978 3390 1067 3462; x_wconf 89' lang='lat' dir='ltr'><strong>atque</strong></span> 
     </span>
     <span class='ocr_line' id='line_1_27' title="bbox 67 3479 1069 3567; baseline 0.003 -26"><span class='ocrx_word' id='word_1_200' title='bbox 67 3479 263 3565; x_wconf 83' lang='lat' dir='ltr'><strong>inperitissimi</strong></span> <span class='ocrx_word' id='word_1_201' title='bbox 283 3483 427 3567; x_wconf 79' lang='lat' dir='ltr'><strong>uniusque</strong></span> <span class='ocrx_word' id='word_1_202' title='bbox 449 3481 567 3545; x_wconf 88' lang='lat' dir='ltr'><strong>lauolem</strong></span> <span class='ocrx_word' id='word_1_203' title='bbox 596 3480 722 3564; x_wconf 80' lang='lat' dir='ltr'><strong>indigne</strong></span> <span class='ocrx_word' id='word_1_204' title='bbox 752 3482 925 3567; x_wconf 81' lang='lat' dir='ltr'><strong>captabant.</strong></span> <span class='ocrx_word' id='word_1_205' title='bbox 965 3479 1069 3564; x_wconf 78' lang='lat' dir='ltr'><strong>Quare</strong></span> 
     </span>
     <span class='ocr_line' id='line_1_28' title="bbox 65 3579 1162 3671; baseline 0.003 -27"><span class='ocrx_word' id='word_1_206' title='bbox 65 3585 142 3648; x_wconf 86' lang='lat' dir='ltr'><strong>satira</strong></span> <span class='ocrx_word' id='word_1_207' title='bbox 163 3606 281 3671; x_wconf 83' lang='lat' dir='ltr'><strong>quoqne</strong></span> <span class='ocrx_word' id='word_1_208' title='bbox 302 3607 321 3648; x_wconf 88' lang='lat' dir='ltr'><strong>a</strong></span> <span class='ocrx_word' id='word_1_209' title='bbox 343 3585 435 3650; x_wconf 90' lang='lat' dir='ltr'><strong>rebus</strong></span> <span class='ocrx_word' id='word_1_210' title='bbox 457 3581 582 3667; x_wconf 87' lang='lat' dir='ltr'><strong>publiois</strong></span> <span class='ocrx_word' id='word_1_211' title='bbox 603 3582 640 3645; x_wconf 85' lang='lat' dir='ltr'><strong>ad</strong></span> <span class='ocrx_word' id='word_1_212' title='bbox 660 3583 778 3648; x_wconf 88' lang='lat' dir='ltr'><strong>litteras</strong></span> <span class='ocrx_word' id='word_1_213' title='bbox 795 3585 979 3668; x_wconf 91' lang='lat' dir='ltr'><strong>potissimum</strong></span> <span class='ocrx_word' id='word_1_214' title='bbox 997 3604 1071 3647; x_wconf 87' lang='lat' dir='ltr'><strong>eon·</strong></span> <span class='ocrx_word' id='word_1_215' title='bbox 1158 3579 1162 3583; x_wconf 73' lang='grc'><strong>’</strong></span> 
     </span>
     <span class='ocr_line' id='line_1_29' title="bbox 65 3682 1070 3770; baseline -0.003 -21"><span class='ocrx_word' id='word_1_216' title='bbox 65 3688 237 3753; x_wconf 74' lang='lat' dir='ltr'><strong>venabatur.</strong></span> <span class='ocrx_word' id='word_1_217' title='bbox 286 3685 321 3750; x_wconf 84' lang='lat' dir='ltr'><strong>lol</strong></span> <span class='ocrx_word' id='word_1_218' title='bbox 343 3687 423 3770; x_wconf 83' lang='lat' dir='ltr'><strong>quod</strong></span> <span class='ocrx_word' id='word_1_219' title='bbox 444 3687 474 3749; x_wconf 92' lang='lat' dir='ltr'><strong>in</strong></span> <span class='ocrx_word' id='word_1_220' title='bbox 498 3682 626 3747; x_wconf 92' lang='lat' dir='ltr'><strong>lloratio</strong></span> <span class='ocrx_word' id='word_1_221' title='bbox 651 3685 710 3748; x_wconf 89' lang='lat' dir='ltr'><strong>iam</strong></span> <span class='ocrx_word' id='word_1_222' title='bbox 732 3696 833 3770; x_wconf 89' lang='lat' dir='ltr'><strong>potest</strong></span> <span class='ocrx_word' id='word_1_223' title='bbox 855 3685 1070 3759; x_wconf 89' lang='lat' dir='ltr'><strong>animadverti,</strong></span> 
     </span>
     <span class='ocr_line' id='line_1_30' title="bbox 64 3786 1071 3873; baseline -0.004 -24"><span class='ocrx_word' id='word_1_224' title='bbox 64 3786 103 3869; x_wconf 81' lang='lat' dir='ltr'><strong>poi</strong></span> <span class='ocrx_word' id='word_1_225' title='bbox 117 3809 292 3873; x_wconf 81' lang='lat' dir='ltr'><strong>quamquam</strong></span> <span class='ocrx_word' id='word_1_226' title='bbox 307 3789 338 3852; x_wconf 93' lang='lat' dir='ltr'><strong>in</strong></span> <span class='ocrx_word' id='word_1_227' title='bbox 354 3789 530 3855; x_wconf 87' lang='lat' dir='ltr'><strong>universum</strong></span> <span class='ocrx_word' id='word_1_228' title='bbox 545 3809 623 3852; x_wconf 90' lang='lat' dir='ltr'><strong>aevo</strong></span> <span class='ocrx_word' id='word_1_229' title='bbox 639 3809 694 3853; x_wconf 90' lang='lat' dir='ltr'><strong>suo</strong></span> <span class='ocrx_word' id='word_1_230' title='bbox 712 3809 772 3850; x_wconf 89' lang='lat' dir='ltr'><strong>non</strong></span> <span class='ocrx_word' id='word_1_231' title='bbox 791 3788 903 3872; x_wconf 83' lang='lat' dir='ltr'><strong>parcit,</strong></span> <span class='ocrx_word' id='word_1_232' title='bbox 929 3806 1071 3869; x_wconf 87' lang='lat' dir='ltr'><strong>nusquam</strong></span> 
     </span>
     <span class='ocr_line' id='line_1_31' title="bbox 62 3889 1071 3975; baseline 0 -23"><span class='ocrx_word' id='word_1_233' title='bbox 62 3899 151 3955; x_wconf 85' lang='lat' dir='ltr'><strong>tamea</strong></span> <span class='ocrx_word' id='word_1_234' title='bbox 173 3893 299 3975; x_wconf 80' lang='lat' dir='ltr'><strong>gravius</strong></span> <span class='ocrx_word' id='word_1_235' title='bbox 322 3903 548 3970; x_wconf 79' lang='lat' dir='ltr'><strong>commovetur,</strong></span> <span class='ocrx_word' id='word_1_236' title='bbox 581 3902 612 3955; x_wconf 90' lang='lat' dir='ltr'><strong>et</strong></span> <span class='ocrx_word' id='word_1_237' title='bbox 639 3890 740 3955; x_wconf 87' lang='lat' dir='ltr'><strong>aerius</strong></span> <span class='ocrx_word' id='word_1_238' title='bbox 770 3889 932 3972; x_wconf 89' lang='lat' dir='ltr'><strong>veriusque</strong></span> <span class='ocrx_word' id='word_1_239' title='bbox 959 3890 1071 3952; x_wconf 87' lang='lat' dir='ltr'><strong>satirae</strong></span> 
     </span>
     <span class='ocr_line' id='line_1_32' title="bbox 57 3990 1072 4079; baseline 0 -25"><span class='ocrx_word' id='word_1_240' title='bbox 57 4011 123 4058; x_wconf 86' lang='lat' dir='ltr'><strong>anae</strong></span> <span class='ocrx_word' id='word_1_241' title='bbox 142 3994 283 4058; x_wconf 89' lang='lat' dir='ltr'><strong>aonleum</strong></span> <span class='ocrx_word' id='word_1_242' title='bbox 301 3994 449 4073; x_wconf 84' lang='lat' dir='ltr'><strong>intendit,</strong></span> <span class='ocrx_word' id='word_1_243' title='bbox 472 4016 560 4079; x_wconf 87' lang='lat' dir='ltr'><strong>quam</strong></span> <span class='ocrx_word' id='word_1_244' title='bbox 583 3995 633 4058; x_wconf 92' lang='lat' dir='ltr'><strong>nbi</strong></span> <span class='ocrx_word' id='word_1_245' title='bbox 656 3993 694 4056; x_wconf 86' lang='lat' dir='ltr'><strong>ole</strong></span> <span class='ocrx_word' id='word_1_246' title='bbox 713 3991 882 4055; x_wconf 83' lang='lat' dir='ltr'><strong>litterarum</strong></span> <span class='ocrx_word' id='word_1_247' title='bbox 899 3990 1072 4056; x_wconf 83' lang='lat' dir='ltr'><strong>conditione</strong></span> 
     </span>
     <span class='ocr_line' id='line_1_33' title="bbox 55 4094 1073 4182; baseline -0.006 -22"><span class='ocrx_word' id='word_1_248' title='bbox 55 4097 131 4182; x_wconf 70' lang='lat' dir='ltr'><strong>agit,</strong></span> <span class='ocrx_word' id='word_1_249' title='bbox 160 4114 260 4182; x_wconf 88' lang='lat' dir='ltr'><strong>neque</strong></span> <span class='ocrx_word' id='word_1_250' title='bbox 285 4116 458 4179; x_wconf 85' lang='lat' dir='ltr'><strong>quemqnam</strong></span> <span class='ocrx_word' id='word_1_251' title='bbox 482 4108 583 4182; x_wconf 86' lang='lat' dir='ltr'><strong>potest</strong></span> <span class='ocrx_word' id='word_1_252' title='bbox 606 4097 730 4179; x_wconf 82' lang='lat' dir='ltr'><strong>lugere,</strong></span> <span class='ocrx_word' id='word_1_253' title='bbox 759 4114 793 4157; x_wconf 89' lang='lat' dir='ltr'><strong>ea</strong></span> <span class='ocrx_word' id='word_1_254' title='bbox 816 4094 848 4157; x_wconf 94' lang='lat' dir='ltr'><strong>in</strong></span> <span class='ocrx_word' id='word_1_255' title='bbox 871 4113 905 4157; x_wconf 96' lang='lat' dir='ltr'><strong>re</strong></span> <span class='ocrx_word' id='word_1_256' title='bbox 927 4113 1073 4156; x_wconf 89' lang='lat' dir='ltr'><strong>summam</strong></span> 
     </span>
     <span class='ocr_line' id='line_1_34' title="bbox 52 4192 1072 4281; baseline -0.009 -19"><span class='ocrx_word' id='word_1_257' title='bbox 52 4197 170 4263; x_wconf 84' lang='lat' dir='ltr'><strong>Horatii</strong></span> <span class='ocrx_word' id='word_1_258' title='bbox 185 4199 245 4262; x_wconf 90' lang='lat' dir='ltr'><strong>vim</strong></span> <span class='ocrx_word' id='word_1_259' title='bbox 260 4209 350 4281; x_wconf 89' lang='lat' dir='ltr'><strong>atque</strong></span> <span class='ocrx_word' id='word_1_260' title='bbox 366 4199 579 4264; x_wconf 85' lang='lat' dir='ltr'><strong>auctoritatem</strong></span> <span class='ocrx_word' id='word_1_261' title='bbox 597 4220 665 4262; x_wconf 88' lang='lat' dir='ltr'><strong>esse</strong></span> <span class='ocrx_word' id='word_1_262' title='bbox 688 4196 828 4280; x_wconf 89' lang='lat' dir='ltr'><strong>positam.</strong></span> <span class='ocrx_word' id='word_1_263' title='bbox 858 4192 959 4276; x_wconf 86' lang='lat' dir='ltr'><strong>Magis</strong></span> <span class='ocrx_word' id='word_1_264' title='bbox 982 4196 1072 4257; x_wconf 86' lang='lat' dir='ltr'><strong>etiam</strong></span> 
     </span>
     <span class='ocr_line' id='line_1_35' title="bbox 50 4293 1072 4386; baseline -0.008 -22"><span class='ocrx_word' id='word_1_265' title='bbox 50 4299 105 4365; x_wconf 83' lang='lat' dir='ltr'><strong>bon</strong></span> <span class='ocrx_word' id='word_1_266' title='bbox 127 4301 213 4366; x_wconf 89' lang='lat' dir='ltr'><strong>valet</strong></span> <span class='ocrx_word' id='word_1_267' title='bbox 236 4301 274 4363; x_wconf 85' lang='lat' dir='ltr'><strong>oie</strong></span> <span class='ocrx_word' id='word_1_268' title='bbox 290 4297 390 4364; x_wconf 88' lang='lat' dir='ltr'><strong>Persii</strong></span> <span class='ocrx_word' id='word_1_269' title='bbox 412 4300 596 4386; x_wconf 89' lang='lat' dir='ltr'><strong>temporibus</strong></span> <span class='ocrx_word' id='word_1_270' title='bbox 619 4311 708 4382; x_wconf 88' lang='lat' dir='ltr'><strong>atque</strong></span> <span class='ocrx_word' id='word_1_271' title='bbox 731 4298 836 4361; x_wconf 91' lang='lat' dir='ltr'><strong>satira.</strong></span> <span class='ocrx_word' id='word_1_272' title='bbox 874 4293 954 4358; x_wconf 89' lang='lat' dir='ltr'><strong>Nam</strong></span> <span class='ocrx_word' id='word_1_273' title='bbox 978 4296 1072 4378; x_wconf 84' lang='lat' dir='ltr'><strong>magis</strong></span> 
     </span>
     <span class='ocr_line' id='line_1_36' title="bbox 48 4397 1073 4478; baseline -0.009 -10"><span class='ocrx_word' id='word_1_274' title='bbox 48 4405 136 4469; x_wconf 86' lang='lat' dir='ltr'><strong>etiam</strong></span> <span class='ocrx_word' id='word_1_275' title='bbox 168 4400 294 4469; x_wconf 88' lang='lat' dir='ltr'><strong>iuoaluit</strong></span> <span class='ocrx_word' id='word_1_276' title='bbox 324 4402 395 4467; x_wconf 85' lang='lat' dir='ltr'><strong>illnol</strong></span> <span class='ocrx_word' id='word_1_277' title='bbox 426 4402 581 4468; x_wconf 88' lang='lat' dir='ltr'><strong>soribeudi</strong></span> <span class='ocrx_word' id='word_1_278' title='bbox 611 4403 760 4478; x_wconf 87' lang='lat' dir='ltr'><strong>studium,</strong></span> <span class='ocrx_word' id='word_1_279' title='bbox 799 4397 945 4464; x_wconf 79' lang='lat' dir='ltr'><strong>recitandi</strong></span> <span class='ocrx_word' id='word_1_280' title='bbox 977 4398 1073 4472; x_wconf 84' lang='lat' dir='ltr'><strong>loaror,</strong></span> 
     </span>
    </p>
   </div>
   <div class='ocr_carea' id='block_1_3' title="bbox 0 0 1312 5054">
    <p class='ocr_par' dir='ltr' id='par_1_3' title="bbox 0 0 1312 5054">
     <span class='ocr_line' id='line_1_37' title="bbox 0 0 1312 5054; baseline 0 0"><span class='ocrx_word' id='word_1_281' title='bbox 0 0 1312 5054; x_wconf 95' lang='lat' dir='ltr'><strong> </strong></span> 
     </span>
    </p>
   </div>
  </div>
 </body>
</html>
