2574 5054
456 766 819 832 aantnunnnun.
935 729 955 747 ”
1029 790 1149 845 ,ωιι

157 936 233 1003 cerlis
243 937 373 1024 pluribus
387 948 567 1019 uteremur,
590 959 677 1022 quum
693 937 798 1023 quibus
813 936 851 1001 ad
870 937 1055 1003 sententiam
1069 938 1148 1002 indi·

156 1041 254 1104 eandam
276 1062 349 1126 opus
372 1052 466 1106 esset.
497 1039 588 1124 Quod
608 1039 635 1104 si
656 1039 723 1123 quis
746 1039 784 1103 de
806 1036 915 1105 Persio
930 1041 1034 1105 valere
1049 1051 1145 1126 putat,

154 1153 232 1206 errat:
253 1161 323 1207 uam
337 1143 365 1208 is
378 1142 430 1208 nbi
445 1164 464 1207 e
478 1162 513 1207 re
529 1162 597 1207 esse
612 1141 751 1219 videtur,
775 1140 878 1207 verbis
894 1162 956 1205 nnn
970 1145 1087 1226 parcit,
1109 1143 1146 1207 ab

152 1243 265 1310 ubertate
294 1264 357 1307 uun
378 1244 514 1322 alienus,
541 1264 716 1327 quamquam
739 1263 801 1306 nan
823 1241 942 1306 dillluit.
996 1241 1147 1327 Siquidem

151 1348 247 1428 quando
268 1344 453 1411 sententiam
475 1345 525 1410 vel
545 1346 707 1429 imaginem
721 1365 938 1448 ⁸usquequaque
953 1345 1065 1410 claram
1079 1347 1149 1410 red·

151 1447 206 1514 lere
226 1448 290 1514 vult
320 1457 353 1512 et
380 1447 588 1533 perspicuam,
626 1448 852 1531 haudquaquam
876 1467 913 1510 en
937 1468 995 1529 qno
1018 1447 1149 1511 diximus

148 1551 218 1614 neda
232 1549 333 1615 brevia
350 1560 417 1628 est,
440 1550 531 1614 immo
554 1551 664 1616 nimius
684 1552 749 1616 fere
771 1551 803 1614 in
819 1548 1037 1635 persequendis
1052 1561 1084 1613 et
1099 1550 1150 1613 de·

145 1652 299 1717 scribendis
322 1652 444 1716 minutis
466 1651 662 1736 quibusdam,
685 1672 782 1736 neque
812 1652 938 1716 eandem
969 1652 1151 1716 sententiam

143 1766 269 1839 repetere
292 1754 428 1832 dubitat,
452 1755 506 1820 sed
527 1754 569 1818 ita
592 1755 759 1834 variatam,
789 1765 823 1817 ut
847 1752 953 1817 maiori
977 1775 1045 1818 enm
1068 1755 1099 1818 vi
1122 1766 1153 1819 et

141 1858 261 1922 efficacia
281 1856 341 1920 iam
362 1856 500 1941 prodeat.
539 1853 627 1939 Quod
648 1858 675 1921 si
697 1857 763 1940 quis
786 1857 865 1920 bunc
887 1856 985 1919 locum
1007 1867 1152 1920 accurate

139 1959 289 2044 inspiciat,
312 1960 339 2022 is
362 1979 424 2022 nun
447 1959 633 2037 offendetur,
657 1959 684 2024 si
703 1969 792 2044 poeta
817 1968 885 2043 pust
906 1968 1078 2022 accuratam
1101 1978 1152 2021 eo-

136 2083 213 2141 rnm,
237 2081 314 2144 quae
336 2070 568 2144 praecesserant
590 2058 842 2145 descriptionem,
866 2059 925 2123 iam
947 2059 1042 2124 elluse
1059 2060 1151 2138 ridet,

136 2175 162 2226 et
176 2164 266 2228 buius
280 2161 426 2228 stultitiae
441 2159 586 2227 ridendae
602 2162 689 2226 linem
713 2183 775 2226 non
798 2162 925 2230 invenit.
955 2162 1047 2228 Alter
1067 2162 1153 2228 loeus

135 2263 400 2348 mffiffiffla

216 2366 287 2432 Stat
302 2379 410 2431 contra
424 2367 521 2446 ratio,
544 2378 577 2431 et
590 2377 737 2432 secretam
753 2367 849 2450 garrit
862 2367 893 2431 in
909 2388 1025 2448 aurem,

215 2467 269 2534 Ne
283 2470 375 2534 liceat
390 2470 492 2534 lacere
507 2469 558 2546 id,
583 2470 662 2552 quud
677 2470 743 2552 quis
758 2469 877 2535 vitiabit
893 2472 1025 2554 agendo.

217 2570 345 2635 Publica
361 2572 415 2635 lex
430 2571 602 2650 bominum,
626 2582 794 2655 naturaque
811 2572 949 2637 continet
962 2574 1020 2637 boc
1035 2573 1095 2651 fas,

217 2672 261 2738 lit
276 2683 381 2736 teneat
395 2674 505 2738 vetitus
520 2672 640 2738 inscitia
656 2672 762 2737 debilis
778 2685 875 2738 actus.

130 2776 190 2841 llic
212 2797 288 2841 sane
310 2774 417 2840 eadem
438 2775 592 2840 sententia
611 2774 658 2838 bis
679 2795 828 2860 expressa
848 2786 914 2854 est,
938 2797 1037 2859 neque
1054 2786 1154 2841 umen

129 2880 192 2955 ita,
216 2887 252 2941 ut
265 2877 412 2941 alterutra
433 2876 590 2941 commode
612 2877 710 2941 omitti
733 2878 844 2960 possit:
870 2889 967 2941 utram
988 2878 1152 2959 deleveris,

130 2979 225 3044 biabit
240 2979 352 3042 oratio.
388 2977 468 3041 Tum
484 2999 547 3041 nnn
561 2977 629 3042 sine
645 2977 771 3042 consilio
788 2990 876 3063 poeta
892 2990 1048 3064 postquam
1062 2982 1155 3045 ratin-

131 3101 202 3144 nem
232 3081 499 3158 commemoravit,
523 3078 636 3143 addidit
663 3080 808 3164 publicam
831 3082 926 3164 legem
948 3082 1101 3146 bominum
1125 3093 1158 3146 et

131 3194 291 3261 naturam,
315 3193 349 3246 ut
370 3181 429 3247 bne
452 3201 538 3265 quam
554 3181 685 3245 maxime
701 3193 837 3266 urgeret.
868 3181 973 3266 Itaque
991 3204 1028 3246 ne
1045 3184 1156 3248 deboc

130 3284 252 3368 quidem
267 3284 337 3349 luen
354 3283 528 3348 consentire
544 3303 676 3368 possum.
695 3281 834 3347 Tertium
850 3285 948 3348 locum
964 3286 1052 3369 paulo
1068 3287 1157 3351 aliter

130 3397 337 3471 comparatum
361 3384 474 3449 addidit
497 3383 656 3449 Weberus
677 3382 749 3468 (ll.
768 3406 797 3469 p.
816 3383 955 3469 19dsq.)
979 3384 1006 3461 l,
1023 3385 1077 3465 67,
1106 3388 1156 3452 ubi

130 3508 224 3552 naum
249 3487 299 3551 vel
321 3487 382 3551 dnn
403 3507 512 3551 versus
535 3495 653 3570 poetam
675 3485 845 3552 additurum
868 3488 962 3552 luisse
989 3489 1156 3569 existimat,

131 3601 165 3654 ut
181 3589 242 3653 loci
257 3589 410 3652 sententia
426 3598 593 3666 constaret,
611 3589 658 3653 cni
674 3590 845 3654 sententiae
862 3610 922 3653 nnn
937 3600 1158 3674 putoassensu·

131 3714 220 3768 rum,
245 3691 296 3773 qui
311 3711 375 3754 uon
389 3689 558 3775 improbet,
582 3711 658 3775 quae
674 3691 712 3755 de
728 3690 758 3753 b.
775 3691 797 3754 l.
815 3691 945 3756 disserui
959 3692 992 3755 in
1007 3712 1159 3757 commen-

133 3794 214 3858 tario
231 3790 361 3877 (t·⁹⁶)·

221 3891 356 3959 Praeter
377 3893 458 3958 bunc
480 3894 640 3959 satirarum
656 3893 761 3959 librum
779 3895 853 3959 nibil
868 3896 904 3958 ad
927 3916 984 3959 nus
1006 3895 1158 3980 pervenit,

135 3996 233 4080 etqui
249 4015 359 4060 versus
375 4016 393 4059 a
410 3995 611 4079 grammaticis
633 3998 801 4062 afferuntur
823 4006 962 4080 tanquam
985 3994 1105 4075 Persii,
1129 3997 1159 4060 in

135 4100 173 4164 iis
189 4099 298 4165 falsum
315 4118 427 4163 nomen
446 4117 515 4162 esse
537 4099 686 4183 pesitum,
709 4120 726 4162 a
743 4095 816 4164 VV.
832 4097 904 4178 DI).
924 4099 1160 4162 demonstratum

136 4212 185 4266 est
203 4209 226 4262 ¹.
265 4198 371 4264 Animi
393 4221 484 4264 causa
506 4202 603 4280 addo,
626 4200 657 4264 in
680 4201 749 4265 cod.
772 4196 872 4265 Paris.
896 4223 928 4264 n.
944 4199 1030 4265 4883
1045 4201 1084 4262 A.
1100 4200 1161 4284 legi

139 4391 149 4442 l
170 4388 311 4440 Passavius
330 4388 369 4456 (p.
389 4386 438 4440 tut
450 4391 503 4454 sq.)
521 4389 626 4448 attulit,
654 4387 740 4440 Sebol.
761 4404 810 4441 ms.
830 4389 861 4440 ad
880 4389 1071 4450 tav.v1t2tt
1095 4388 1161 4455 aqud

171 4457 262 4510 lleias.
281 4459 315 4510 ad
334 4456 412 4510 ovid.
430 4456 486 4509 Am.
509 4455 554 4525 111,
570 4459 599 4524 2,
616 4458 650 4511 83
667 4458 773 4511 laudare
791 4459 950 4526 antiquum
968 4459 1056 4512 Ovidii
1073 4473 1114 4510 vs.
1134 4463 1162 4507 ut
