2574 5054
460 798 545 861 SA'l'.
560 800 609 874 vt,
624 805 666 865 28
681 836 722 847 -
738 805 789 866 33.
1053 797 1119 864 219

65 996 70 1007 ·
99 991 155 1030 non
177 971 283 1030 clarum
305 990 404 1030 sonum
424 969 517 1032 reddit
539 973 638 1052 fintpp.
655 971 740 1052 Prnp.
758 973 823 1044 1,7,
839 974 906 1043 18),
926 969 999 1031 unde
1023 970 1058 1032 de
1080 972 1116 1032 iis

99 1055 218 1128 dicitur,
241 1074 314 1135 quae
336 1057 458 1116 obscuro
479 1068 564 1137 atque
584 1058 719 1137 ignobilia
734 1056 797 1133 (Sil.
812 1058 844 1117 lt.
861 1057 936 1128 vul,
948 1062 1021 1120 248.
1039 1056 1114 1118 Stet.

99 1141 190 1200 Tbob.
210 1141 260 1212 IV,
280 1146 355 1213 259)
380 1152 459 1214 sunt,
481 1154 511 1202 et
533 1145 642 1203 inutilia
664 1144 727 1203 fere
747 1154 777 1202 et
798 1163 852 1201 non
877 1144 1005 1222 perfectu
1027 1153 1117 1215 notet,

99 1246 265 1306 quamquam
280 1239 349 1287 uoto
360 1229 453 1286 surdo
466 1225 602 1288 audacius
618 1228 692 1288 dictn
709 1239 782 1288 sunt.
797 1231 881 1287 Iacet
894 1232 957 1307 epse
971 1230 1001 1287 ἐκ
1016 1229 1117 1287 littore

99 1313 272 1389 naufragus,
303 1323 336 1371 et
354 1332 413 1372 uno
431 1314 482 1371 dei
499 1315 535 1372 de
550 1334 669 1393 puppe,
694 1314 739 1373 ubi
759 1314 889 1373 collocuti
910 1324 992 1373 erunt
1014 1310 1115 1385 (fland.

98 1397 185 1456 Ture.
200 1397 224 1456 ll
237 1417 265 1475 p.
281 1402 364 1469 195).
400 1396 538 1457 Soleb'ent
560 1401 633 1458 enim
659 1401 686 1458 in
712 1417 804 1480 puppe
827 1399 943 1458 deorum
967 1399 1117 1458 simulacre

98 1484 174 1561 pictn
188 1493 273 1562 atque
287 1493 385 1542 aurete
400 1485 466 1562 poni
484 1503 536 1563 pro
547 1486 653 1555 tuteln3
676 1482 713 1544 cf.
730 1485 811 1562 Virg.
826 1483 900 1544 Aen.
914 1484 952 1555 X,
970 1489 1030 1546 176
1045 1503 1117 1555 „un-

99 1579 162 1628 rato
178 1567 305 1646 fulgebat
319 1569 459 1647 Apolline
474 1571 609 1649 puppis.“
640 1567 777 1630 Similiter
795 1571 933 1629 Mr'neruu
954 1566 1028 1648 apud
1050 1568 1115 1628 Vel.

97 1652 142 1713 111.
162 1652 236 1724 Vlll‚
251 1657 324 1715 263.
348 1652 428 1713 0vid.
442 1653 528 1714 Trist.
543 1655 565 1725 l,
583 1659 632 1726 16,
649 1660 663 1716 1
681 1675 762 1735 sqq.;
792 1656 886 1714 Ilione
894 1699 905 1727 ,
922 1653 973 1713 Sil.
990 1654 1024 1714 lt.
1039 1654 1117 1725 xlv,

98 1742 171 1800 416.
189 1737 271 1798 0vid.
289 1739 356 1797 ller.
372 1738 449 1810 XVl,
466 1743 526 1801 112
540 1759 602 1819 sqq.
618 1742 657 1799 cf.
672 1739 819 1798 Ruhnken.
837 1739 907 1798 diss.
923 1738 959 1799 de
974 1740 1070 1798 tutelis
1087 1748 1118 1798 et

98 1823 253 1902 insignibus
271 1826 378 1882 navium
396 1831 473 1903 (opp.
488 1829 550 1887 257
559 1831 647 1905 sqq.).
669 1825 748 1884 Deos
762 1836 846 1883 vocnt
861 1827 1005 1902 tingentes,
1021 1835 1052 1883 ut
1067 1844 1118 1883 nn·

98 1910 184 1986 vigii,
211 1907 284 1987 quod
313 1909 413 1968 infelix
435 1908 573 1987 perdidit,
600 1909 816 1987 magnitudinem
840 1911 988 1987 significet.
1029 1912 1118 1968 Costa

99 1996 177 2052 rotas
190 1994 308 2052 lucerne
323 1995 381 2052 ium
395 1994 480 2053 obocir
495 2005 541 2054 est
554 1997 683 2072 mergis,
707 1996 745 2054 cf.
764 1995 832 2055 llor.
849 1994 931 2073 epod.
947 1994 985 2067 X,
1006 1999 1043 2056 21
1055 2014 1116 2074 σφε

98 2079 220 2154 „Opimn
241 2077 341 2157 quodsi
357 2076 464 2157 praeda
479 2099 566 2138 curvo
589 2081 670 2139 litore
695 2079 830 2138 Porrecto
853 2099 968 2158 mergos
989 2081 1118 2155 iuverio‘,⁸

100 2163 138 2235 (V
140 2164 193 2240 ing.
210 2161 315 2241 Georg.
331 2163 352 2231 1,
366 2167 454 2235 361).
483 2165 571 2224 Nunc
584 2175 617 2223 et
630 2167 665 2222 de
680 2167 788 2243 cespite
809 2164 859 2236 (cf.
874 2164 988 2225 Petron.
1004 2184 1029 2224 c.
1046 2167 1118 2233 126,

98 2269 125 2307 v.
143 2252 180 2310 71
195 2267 254 2327 sip:
285 2259 334 2307 eut
354 2249 404 2307 ulit
425 2249 528 2307 berbet
550 2250 666 2327 Cespite
688 2250 778 2309 laetus
801 2255 882 2327 nger)
904 2252 969 2308 uiuo
978 2294 989 2322 ,
1014 2250 1118 2309 virenti

99 2332 181 2406 (llor.
197 2352 285 2392 cerm.
303 2334 325 2404 l,
343 2338 392 2402 19,
410 2338 452 2404 3),
469 2355 550 2414 quem
569 2335 709 2413 frugibus,
724 2337 751 2393 in
767 2337 906 2412 granariis
919 2333 1050 2408 conditis,
1066 2355 1117 2413 op·

98 2421 187 2498 ponit,
202 2415 320 2497 frange
340 2421 473 2496 aliquid,
498 2420 614 2497 largire
636 2422 735 2498 inopi,
758 2440 795 2479 ae
808 2421 928 2480 oberret
936 2423 1035 2499 pectus
1044 2464 1055 2491 ,
1079 2439 1118 2479 ex

98 2523 178 2563 more
190 2505 388 2580 naufragorum
404 2505 437 2577 (l,
451 2508 520 2575 89),
537 2507 567 2564 in
584 2506 687 2565 tabula
700 2506 857 2577 caerulea,
875 2508 940 2586 quia
952 2525 1029 2566 mnne
1045 2515 1117 2564 tem·

98 2599 211 2667 pestate
224 2587 362 2647 turbidum
381 2601 588 2667 repraesentet.

183 2694 211 2733 v.
226 2677 361 2736 33-46.
384 2676 446 2733 Sed
462 2686 530 2732 cett.
560 2676 609 2733 llis
628 2675 759 2733 versibus
780 2674 932 2735 admonitio
947 2677 1116 2746 continetur,

126 2778 171 2817 tae
199 2779 237 2818 ex
264 2760 374 2837 vulgari
397 2760 538 2836 cogitandi
560 2763 670 2819 ratione
693 2780 756 2818 eum
783 2760 937 2821 aconsilio
962 2761 1118 2820 liberaliter

97 2842 210 2904 tuendi
231 2842 375 2903 dimovere
397 2848 497 2923 possit.
529 2845 569 2903 En
585 2847 715 2924 bipartita
732 2857 791 2916 est,
814 2845 942 2905 desumto
959 2847 993 2904 ub
1009 2849 1053 2905 ira
1066 2846 1118 2905 be·

98 2928 175 2988 rotis
191 2930 227 2988 ob
241 2932 410 2988 imminutam
426 2949 483 2989 rem
498 2931 679 3000 inutiliorem,
703 2940 732 2989 et
746 2951 763 2988 a
777 2951 879 2990 severo
900 2930 1020 3001 iudicio,
1043 2928 1118 3011 quod

98 3015 145 3074 ulii
159 3016 266 3073 austeri
282 3035 388 3074 morum
403 3035 541 3074 censores
556 3015 590 3074 de
605 3036 641 3074 eo
657 3017 735 3074 ferre
749 3018 867 3094 possint.
891 3021 987 3076 Coeno
994 3015 1117 3095 funeris

98 3097 203 3179 duplex
213 3111 259 3160 est
275 3102 327 3172 (cf.
345 3100 365 3160 l.
379 3099 412 3159 G.
427 3100 591 3172 Hoffmann,
607 3099 641 3159 de
655 3101 738 3177 epulo
755 3101 838 3159 ferali
855 3112 926 3161 vett.
947 3105 1038 3163 1693.
1063 3101 1114 3161 W.

97 3184 321 3265 Tropanneger,
343 3184 378 3244 de
402 3187 492 3263 epulis
512 3197 580 3244 vett.
601 3186 700 3264 gentil.
726 3186 848 3264 sepulcr.
873 3192 977 3259 1716).
1007 3187 1117 3258 Altera,

98 3290 170 3350 quoe
191 3271 370 3329 st'lr'cermicm
390 3271 561 3341 vocabatur,
585 3291 748 3350 quamquam
774 3270 801 3329 id
815 3272 980 3330 vocabulum
995 3270 1030 3329 ad
1045 3272 1119 3331 alte·

97 3375 157 3415 rum
175 3375 285 3436 quoqne
301 3376 392 3434 genus
405 3357 569 3414 uunslatum
584 3356 712 3427 videtur,
735 3354 926 3437 περίδειπνον
944 3356 1116 3429 (llemsterb.

97 3439 133 3498 ad
155 3440 226 3499 Luc.
250 3452 325 3499 cont.
339 3445 411 3512 22),
427 3439 540 3519 ferclis
565 3460 654 3500 coeuu
674 3441 783 3513 (luvco.
810 3441 844 3510 V,
866 3446 916 3502 85.
939 3441 1024 3518 Apul.
1041 3442 1117 3501 Flor.

98 3547 125 3604 p.
140 3526 321 3597 36211116),
344 3527 492 3584 constabat
513 3546 529 3584 e
553 3527 613 3584 sale
635 3538 664 3584 et
685 3526 805 3584 lentibus
829 3526 915 3601 (Plut
938 3527 1034 3585 Crass.
1053 3529 1117 3607 19),

98 3613 176 3681 ovis,
193 3612 300 3670 lustrali
317 3612 380 3670 cibo
395 3611 466 3684 (lut.
481 3611 499 3669 l.
509 3612 557 3684 1.),
574 3614 653 3681 sim,
670 3623 699 3671 et
714 3609 748 3669 od
765 3631 863 3689 rogum
879 3612 922 3670 rel
939 3614 965 3670 in
979 3614 1117 3691 sepulcris

99 3697 310 3775 opponebatur,
340 3697 387 3754 ubi
417 3698 512 3755 talium
539 3698 676 3776 reliquiae
706 3700 883 3755 inveniuntur
907 3696 951 3766 (ll.
969 3697 1119 3770 Rocbette,

98 3784 184 3862 antiq.
206 3782 296 3840 cbrbt.
319 3782 356 3840 lll
371 3803 397 3858 p.
416 3785 476 3844 148
491 3789 583 3862 sqq.),
606 3784 709 3840 nemini
731 3784 886 3840 mortalium
909 3781 1068 3860 tangendo,
1090 3784 1118 3841 in

97 3888 178 3946 quum
192 3887 247 3925 non
264 3870 316 3925 nisi
333 3867 513 3926 abiectissimi
530 3879 559 3926 et
572 3869 747 3945 rapacissimi
763 3888 860 3925 monus
875 3869 1053 3937 inferebant,
1075 3869 1116 3928 cl'.

98 3952 218 4011 Gutber.
242 3950 277 4011 de
297 3954 358 4011 iure
378 3955 496 4011 manium
511 3953 532 4020 l,
546 3957 598 4014 26.
622 3953 804 4011 liircbruunn.
826 3951 862 4012 dc
878 3954 936 4011 fun.
955 3953 1036 4024 lV,d
1052 3974 1115 4033 sqq.

96 4038 199 4096 Altera
211 4037 321 4114 epulum
337 4039 405 4108 fuit,
426 4037 500 4118 quod
523 4039 622 4097 funere
642 4048 760 4116 peracto
783 4039 880 4096 amicis
901 4049 931 4096 et
944 4041 1117 4099 necessariis

98 4121 224 4182 defuncti
247 4123 414 4201 parabatur,
444 4122 538 4202 idque,
561 4144 616 4202 quo
637 4125 725 4199 magis
748 4121 870 4182 heredes
894 4127 995 4183 mortui
1019 4127 1118 4183 bonori

98 4206 266 4278 studebant,
292 4209 449 4266 solentius
475 4219 505 4266 et
526 4208 697 4266 luxuriosius
719 4208 925 4280 instruebatur3
956 4209 1019 4289 quid
1044 4209 1118 4288 quod

98 4291 171 4351 baud
191 4313 256 4352 raro
280 4293 381 4370 populo
403 4295 536 4352 universo
559 4294 659 4372 epulae
677 4294 810 4352 funebres
827 4292 981 4366 dabuntur,
1000 4297 1038 4353 cf.
1056 4296 1117 4354 Liv.

98 4378 171 4448 Vlll,
187 4383 238 4440 22.
255 4378 389 4448 XXXIX,
403 4383 454 4440 46.
471 4380 531 4437 Cic.
548 4399 574 4457 p.
589 4379 661 4437 Mur.
677 4383 728 4449 36,
742 4384 792 4440 75.
810 4379 889 4439 Soet.
903 4380 985 4438 Cucs.
1001 4385 1052 4442 26.
1066 4385 1118 4443 38.

99 4462 153 4522 ltio
169 4465 201 4522 C.
220 4464 283 4534 XL,
296 4467 347 4527 49.
364 4463 479 4534 LXVll,
492 4467 522 4527 9.
539 4464 720 4523 Xircbmann.
737 4465 756 4522 Ι.
770 4465 788 4523 l.
804 4465 852 4535 lV,
863 4473 894 4527 5.
919 4466 989 4525 'fulc
1007 4467 1117 4544 epulum
