2574 5054
219 736 286 780 acu
546 712 907 777 Paotnoountts.

218 880 293 948 Inde
307 882 397 950 facile
411 882 611 969 intelligitur,
635 883 785 968 quomodo
798 883 955 967 loquacem
969 882 1168 967 significarit,
1191 886 1244 969 qni

218 986 312 1050 multa
333 1008 460 1053 narrare
482 987 622 1064 amabat,
662 997 697 1051 nt
718 984 824 1051 Sobol.
850 984 960 1050 Horat.
982 997 1043 1050 sat.
1067 984 1096 1064 Ι,
1119 985 1152 1067 1,
1177 984 1243 1051 12⁰

220 1084 471 1173 Crispinum,
495 1086 702 1175 philosophum
725 1088 988 1172 loquacissimum,
1011 1088 1187 1173 aniversae
1202 1089 1243 1155 de

219 1201 303 1256 secta
329 1186 435 1256 Stoica
456 1191 633 1276 scripserit,
665 1183 873 1279 olpeaaleiyoa
894 1191 1005 1255 dietam
1026 1210 1097 1257 esse
1119 1201 1239 1256 namt.

218 1288 328 1358 locosc
344 1292 481 1377 quidem,
506 1295 559 1359 secl
573 1295 616 1357 ita
630 1294 797 1358 atlantem
812 1293 912 1378 potine
928 1293 1080 1378 significet
1094 1294 1173 1371 eius,
1190 1294 1240 1378 qni

219 1394 298 1459 bene
314 1416 441 1460 narrare
456 1397 553 1474 sciat,
575 1396 670 1460 ntitnr
683 1394 742 1461 boc
757 1419 788 1460 v.
806 1396 963 1460 Ausonius
981 1395 1084 1480 (epist.
1101 1392 1216 1477 xm).

303 1494 482 1584 Ῥωμαίων
502 1494 632 1572 ὕπατος
652 1488 895 1587 α’ριτοιλόγῳ
916 1492 976 1582 ἠδὲ
1000 1492 1127 1590 analag

349 1593 521 1676 Αὐσόνιος
542 1595 692 1689 Παύλῳ·
717 1599 839 1670 σπεῦδε
861 1600 980 1687 φίλους
1001 1598 1112 1668 ἰδέειν.

220 1700 368 1773 Omnibus
384 1705 466 1769 hisce
481 1704 556 1768 locis
572 1703 716 1768 narrandi
732 1701 848 1768 fabulas
864 1725 915 1768 ars
931 1703 1109 1788 exprimitur
1120 1712 1143 1782 ¹,
1162 1707 1241 1789 quod

220 1829 281 1871 non
304 1807 371 1871 sine
393 1806 624 1891 gesticulatione
650 1816 682 1872 et
704 1807 824 1870 actione
846 1805 913 1870 beri
935 1805 1047 1890 potuit,
1071 1807 1114 1871 ita
1135 1819 1170 1871 nt
1184 1808 1240 1871 boc

218 1929 317 1993 genus
339 1909 436 1972 mimis
458 1908 571 1972 nostris
593 1910 682 1974 affine
706 1908 801 1974 luisse
823 1919 983 1993 appareat;
1007 1929 1119 1973 nomen
1140 1919 1240 1974 entem

219 2011 291 2075 inde
313 2010 479 2095 gerebant,
504 2012 581 2094 quod
610 2010 835 2076 narrationibus
863 2005 999 2075 ridiculis
1027 2020 1060 2074 et
1080 2010 1159 2076 iocis
1188 2011 1239 2075 ob-

219 2113 341 2178 scoenis
356 2114 525 2178 sententias
541 2125 574 2179 et
588 2114 810 2178 admonitiones
825 2112 1044 2178 admiscebant.

284 2213 379 2281 Hisce
395 2216 488 2299 igitur
503 2219 568 2281 etsi
576 2218 624 2300 qni
632 2217 815 2280 suntsimilis
824 2214 946 2299 generis
954 2220 1103 2279 εοοιοιο2
1116 2233 1240 2296 magno·

219 2318 470 2403 paragaudebant
484 2317 628 2397 Romani,
648 2330 679 2383 et
693 2329 753 2382 tam
769 2315 854 2403 plebs
867 2317 900 2380 in
920 2316 1054 2394 circulis,
1068 2317 1240 2400 qnamdivi·

218 2430 266 2484 tes
274 2421 306 2483 in
322 2422 472 2486 conviviis
488 2442 592 2486 eorum
608 2421 733 2506 ingenio
746 2432 834 2504 atque
846 2430 912 2483 arte
923 2417 1167 2483 delectabantur.
1190 2418 1240 2482 An

218 2522 356 2600 litteras,
374 2534 406 2587 ut
422 2534 660 2589 consentaneum
676 2534 741 2600 est,
765 2523 842 2588 bace
856 2521 972 2586 ludicra
987 2521 1163 2606 pleramque
1179 2541 1239 2584 non

220 2623 429 2708 pertinebant,
461 2627 515 2690 sed
538 2626 656 2711 ingenii
679 2626 842 2702 facilitate,
873 2621 1017 2688 narrandi
1046 2633 1182 2707 prompte
1209 2634 1241 2686 et

218 2727 317 2790 laceto
340 2727 506 2808 facultate,
536 2726 646 2814 egendi
669 2738 701 2794 ct
729 2727 866 2793 imitandi
896 2736 962 2790 arte
990 2724 1113 2807 quisque
1144 2727 1240 2789 fretas

255 2897 378 2950 abhorret
395 2915 410 2951 a
426 2901 549 2951 veritate.
581 2899 674 2967 Papias
692 2915 717 2950 v.
738 2900 866 2950 eaebe'nao
884 2897 997 2963 explieat
1015 2911 1104 2964 perv.
1122 2895 1239 2960 derisor,

253 2983 301 3033 qno
319 2974 370 3018 tam
389 2984 512 3032 scurrae,
531 2984 606 3035 qoam
623 2969 693 3018 mimi
712 2968 885 3032 notabantur,
904 2965 937 3017 ei.
957 2981 1026 3032 spec.
1043 2965 1124 3032 epigr.
1139 2981 1164 3033 p.
1181 2965 1238 3017 111.

254 3036 281 3087 ln
300 3037 405 3088 vasculo
423 3039 508 3105 picto,
534 3037 578 3088 abi
604 3032 719 3105 φλύοοιιι
737 3043 967 3104 repraesententur
992 3034 1103 3085 fabalem
1121 3041 1239 3098 agentes,

255 3107 298 3156 nni
316 3123 404 3157 nomen
423 3108 577 3171 adscriptam
596 3113 638 3156 est
653 3106 832 3167 ΚΑΓΧΛΣ,
856 3104 933 3155 alteri
952 3101 1240 3224 Ammaedar-

253 3174 403 3292 ΙξῬΡΟΣἹ,
428 3192 453 3227 v.
480 3174 628 3240 Millingeu,
655 3176 735 3242 peiat.
763 3175 807 3225 des
825 3189 901 3224 vasae
919 3173 1000 3239 antiq.
1019 3179 1041 3222 t.
1059 3172 1103 3224 lb.
1163 3171 1239 3234 iiller,

278 3260 317 3294 or.
338 3244 358 3295 ll
397 3244 483 3297 .317.
765 3285 770 3294 .

221 3309 233 3363 1
254 3311 294 3362 Gi.
320 3262 394 3363 Soetp.
419 3314 486 3376 sug.
512 3313 563 3365 aaz
596 3313 629 3365 Se·
654 3316 838 3378 interruptum
864 3325 986 3361 somnam
1009 3321 1172 3374 recuperare
1188 3324 1240 3359 aaa

250 3387 360 3446 posset,
387 3381 532 3433 lectoribus
553 3387 605 3433 aut
618 3380 824 3447 fabulatoribus
842 3381 981 3429 arcersitis
1003 3377 1167 3428 resumebat.
1194 3376 1240 3427 llio

253 3448 345 3518 (lbrys.
366 3466 404 3501 or.
425 3449 474 3501 XX
494 3467 518 3516 p.
537 3451 589 3504 tot
607 3457 626 3501 t.
647 3449 657 3500 1
676 3466 701 3515 p.
721 3449 771 3500 113
783 3446 832 3499 ll.=
852 3441 924 3512 Ἤδη
950 3441 981 3497 δέ
1004 3462 1072 3497 ποτε
1097 3439 1175 3496 εἶδον
1191 3440 1240 3513 s'poi

254 3512 300 3568 διὰ
323 3517 372 3569 τοῦ
395 3512 568 3584 ἱπποδρόμου
590 3513 712 3585 βαδίζων
733 3545 768 3554 -
794 3513 843 3567 τὸν
871 3513 922 3582 μὲν
952 3507 1099 3577 callaina,
1130 3511 1182 3567 τὸν
1210 3508 1240 3564 δὲ

252 3581 431 3653 ὀρχούμενον,
457 3585 506 3638 τὸν
524 3580 553 3637 δὲ
570 3587 668 3653 θαῦμα
685 3579 906 3650 ἀποδιδόμενον,
927 3579 977 3636 τόν
999 3577 1029 3633 δὲ
1045 3582 1154 3648 ποίημα
1179 3579 1242 3633 ἄνα·

252 3651 430 3723 γινώσκοντα,
448 3653 497 3707 τὸν
514 3650 543 3706 δι’
562 3650 681 3720 ᾅδοντα,
705 3651 755 3706 τὸν
771 3649 802 3705 δὲ
824 3647 944 3721 ἱστορίαν
959 3649 1021 3705 τινὰ
1037 3646 1167 3733 &periboea
1184 3647 1242 3716 διη·

251 3721 390 3792 γούμενον.
430 3724 490 3776 Scb.
508 3726 590 3776 Arist.
612 3722 766 3776 Placitae
795 3717 1029 3790 acupenserem
1053 3738 1090 3770 ων
1106 3720 1242 3774 συντιθεὶς

252 3790 360 3858 ptem
383 3794 522 3861 χαρίεντος
544 3789 626 3845 ebalo
643 3787 748 3874 (ἔθελγε
766 3791 875 3842 Lobeek.
890 3792 909 3843 l.
925 3789 955 3855 l.)
971 3786 1035 3841 roris
1051 3784 1181 3843 ἆκοδντοιο
1196 3792 1241 3841 eet

253 3856 324 3913 obeo
347 3859 397 3928 τὴν
420 3857 526 3931 τροφὴν
549 3858 622 3926 abaci
647 3859 788 3929 οπορίζετο
806 3889 841 3898 -
858 3863 903 3911 sat
919 3852 1074 3927 separoitlps
1095 3860 1140 3909 eal
1163 3852 1242 3912 λᾶλοο

254 3923 436 3996 tapetem..
456 3931 549 3982 Eodem
566 3931 648 3982 relert
666 3930 775 3982 Wolflne
794 3928 854 3980 llor.
873 3934 924 3979 set.
946 3927 966 3990 1,
987 3928 1012 3991 1,
1030 3927 1074 3982 23.

108 4053 114 4065 ,
219 3996 387 4051 2Pertinent
406 4000 468 4062 bno,
490 4016 640 4066 quamquam
658 4000 733 4064 longe
750 3999 882 4050 interioris
900 3996 1014 4058 ordinis,
1040 3995 1117 4046 etiem
1135 3993 1172 4058 ii,
1197 3994 1240 4063 qai

255 4067 403 4118 animalium
421 4069 528 4119 vocibus
546 4069 676 4120 imitandis
694 4083 794 4135 operam
813 4067 923 4130 dabant,
943 4065 977 4116 el.
997 4063 1070 4114 Plato
1089 4078 1143 4113 re.
1164 4062 1197 4114 111
1215 4080 1240 4129 p.

256 4133 348 4186 11111.
361 4137 429 4199 legg.
450 4135 470 4188 11
483 4153 508 4203 p.
522 4137 571 4190 111
584 4139 615 4189 b.
633 4137 736 4189 Petron-
751 4137 793 4190 18.
812 4138 912 4187 Aaron.
924 4135 1004 4201 epigr.
1019 4129 1117 4183 LXXV
1132 4168 1140 4182 .
1169 4132 1242 4183 Cele-

256 4203 315 4253 bres
340 4204 388 4254 luae
412 4211 468 4254 arte
492 4205 568 4256 effert
590 4206 745 4257 Plotarebne
769 4204 985 4257 Theodorum
1002 4210 1029 4253 et
1046 4200 1241 4254 Parmenon-

256 4277 320 4322 ten
339 4272 382 4336 (de
400 4273 459 4323 end.
479 4281 546 4339 poet.
566 4274 582 4326 3
600 4293 624 4343 p.
646 4275 679 4327 te
691 4274 751 4340 C.),
778 4281 805 4326 et
821 4273 853 4324 de
871 4273 919 4323 boo
935 4271 987 4323 alio
1004 4271 1058 4321 loeo
1076 4269 1176 4340 (Spmp.
1197 4287 1240 4336 qn.

257 4337 289 4401 V,
311 4340 338 4406 1)
363 4341 468 4391 eandem
494 4341 613 4395 labellum
638 4351 744 4406 narrat,
775 4358 850 4410 quem
876 4342 906 4394 de
932 4348 991 4392 noto
1017 4339 1126 4407 quodem
1150 4354 1242 4392 eenrra

255 4408 386 4462 Phaedrus
402 4408 447 4475 (V,
468 4410 504 4473 5).
