2574 5054
456 766 823 839 tnotttoottttttt.
1068 800 1149 845 uxru

147 964 202 1013 use
219 934 372 1013 vitiaretur
392 964 480 1030 quam
503 942 698 1028 tranquillum
719 943 839 1010 vivere.
871 940 960 1011 Unde
982 919 1050 1011 iam*
1065 958 1150 1033 patet

149 1051 217 1116 valle
237 1057 432 1136 temperatam
454 1056 486 1111 et
505 1046 649 1111 aliorsum
670 1047 821 1112 deflexam
842 1065 912 1112 esse
928 1044 1055 1114 'lloratii
1076 1051 1149 1116 sati-

144 1175 204 1218 ram.
233 1150 349 1219 Verum
370 1147 518 1214 Horatius
534 1149 641 1233 siquis
659 1149 736 1214 alius
752 1149 865 1214 saeculi
881 1149 928 1215 eui
942 1170 1063 1232 mores,
1085 1153 1148 1217 vir·

140 1264 204 1321 tates
225 1266 317 1339 atque
339 1251 415 1319 vitiu
434 1251 513 1316 lene
534 1260 692 1337 perspecta
715 1249 864 1332 hahebat,
887 1262 978 1336 atque
999 1252 1032 1317 in
1047 1255 1149 1320 satiris

138 1360 173 1423 sti
186 1356 351 1444 temporis,
374 1355 453 1439 quod
475 1353 539 1418 vita
562 1354 706 1438 magistra
725 1373 851 1439 prorsus
866 1367 1074 1440 cognoverat,
1096 1378 1150 1423 ve·

136 1462 273 1526 tissimm
287 1455 531 1544 repraesentavit
544 1454 718 1540 imaginem.
749 1453 820 1540 Quo
841 1456 941 1521 minus
963 1477 1039 1523 vero
1058 1458 1105 1522 ira
1119 1469 1152 1523 et

134 1562 224 1629 stadio
247 1570 406 1647 eorreptus
428 1568 514 1637 erat,
535 1578 596 1642 quo
622 1557 785 1643 simplioius
813 1555 966 1624 hominum
996 1559 1152 1625 stultitiam
1245 1634 1249 1640 ,

134 1666 270 1745 rotabat,
295 1682 356 1748 quo
370 1661 500 1727 alienior
513 1659 550 1723 ab
566 1658 755 1725 omninimio
770 1660 941 1741 videbatur,
967 1682 1027 1745 quo
1043 1662 1153 1728 chrias

132 1768 244 1847 onnia,
269 1786 348 1850 qnae
368 1762 506 1827 homiues
528 1762 678 1845 agebam,
701 1782 736 1827 se
756 1763 948 1848 perspexisse
965 1763 1153 1828 demonstra-

130 1867 193 1949 iat,
219 1890 261 1934 eo
293 1864 388 1949 magis
415 1863 568 1929 nominum
589 1863 694 1928 intima
717 1864 837 1950 tetigit,
867 1865 1043 1950 animosque
1065 1866 1096 1930 in
1118 1888 1153 1932 se

131 1970 304 2036 commorit.
348 1965 459 2051 Neque
484 1965 641 2050 quiequam
664 1977 731 2046 est,
761 1967 841 2050 quotl
868 1967 964 2051 magis
991 1968 1152 2033 veritatem

131 2072 319 2138 Ueratianae
340 2069 452 2134 satirae
475 2067 668 2153 comprobet,
690 2088 778 2152 quam
802 2069 881 2152 quoti
902 2078 963 2132 tam
978 2070 1152 2150 multorom,

129 2186 158 2239 tt
175 2174 243 2259 ipse
267 2173 384 2250 refert,
415 2171 490 2235 iram
513 2169 682 2235 suscitavit.
723 2168 806 2235 Nam
833 2189 870 2234 ea
898 2171 992 2234 satira
1011 2172 1153 2237 'mammo

123 2275 281 2341 'ioniam
301 2272 420 2339 animos
447 2270 573 2359 pnngit,
603 2293 692 2355 quam
718 2286 823 2337 veram
854 2289 923 2337 esse
951 2257 1155 2338 confiteantur

133 2397 258 2444 neeesse
290 2385 393 2442 estet
417 2375 460 2439 ita
490 2385 714 2460 comparatam,
744 2383 779 2438 ut
807 2393 865 2440 neo
890 2375 1153 2459 exaggerationis,

133 2499 184 2544 uec
204 2477 461 2564 intemperantiae
483 2475 641 2563 scriptoris
661 2477 713 2541 uel
731 2475 859 2560 partium
874 2474 964 2540 studii
980 2478 1155 2542 excusatio·

134 2602 197 2645 rem
219 2580 378 2665 praebeat.
408 2579 511 2664 Atque
531 2578 588 2642 hoo
609 2601 676 2644 oum
697 2579 824 2661 quadret
844 2577 875 2640 in
891 2575 1007 2642 Horatii
1024 2588 1153 2664 tempos,

135 2704 190 2747 ron
212 2683 297 2748 cadit
318 2683 352 2746 in
373 2678 497 2747 Lucilii.
529 2678 611 2745 Nam
634 2680 666 2745 in
687 2679 792 2745 liberis
807 2679 998 2760 nititatibus,
1022 2680 1155 2747 obicum

136 2785 262 2849 anime
292 2784 422 2869 flagrant
449 2782 576 2867 partium
604 2783 705 2848 sautia
733 2793 823 2867 atque
849 2783 1034 2864 certamina,
1064 2804 1154 2849 nemo

138 2896 338 2970 potestesse,
361 2885 388 2948 si
402 2883 521 2968 quidem
534 2885 567 2948 in
582 2885 764 2969 reipublicae
777 2886 847 2950 luoe
868 2886 971 2969 viget,
995 2885 1066 2969 quin
1088 2908 1156 2952 oer-

139 2997 181 3053 tae
196 2989 318 3054 atridam
339 2987 415 3071 parti
438 2988 575 3053 addictus
597 2988 721 3073 eiusque
743 2987 843 3051 'stolio
865 3007 1014 3053 aecensus
1036 2988 1094 3070 sit,
1118 2989 1157 3054 al

140 3092 216 3156 cuins
237 3090 377 3155 rationes
399 3089 499 3154 omnia
518 3091 652 3168 reserat,
676 3090 760 3154 ouius
783 3089 921 3155 inimicos
936 3102 1042 3156 arceat
1057 3103 1088 3157 et
1103 3091 1157 3155 im-

141 3204 268 3278 pugnet,
294 3201 327 3256 et
348 3190 418 3274 quia
438 3212 529 3257 nemo
552 3192 708 3277 quisquam
730 3192 831 3271 valet,
856 3191 914 3256 nisi
930 3193 979 3277 qni
994 3193 1025 3257 in
1041 3193 1158 3278 publioo

142 3305 294 3373 versetur,
317 3294 416 3357 oritur
428 3312 468 3357 ea·
481 3294 552 3357 iude
568 3293 717 3358 sermonis
731 3293 873 3374 libertas,
898 3314 974 3378 quae
994 3316 1157 3380 quemcun-

143 3417 191 3479 que
211 3396 299 3481 qnasi
319 3395 466 3481 publicum
490 3416 551 3461 non
573 3396 658 3480 qnasi
679 3395 827 3481 privatum
858 3406 944 3460 notat
971 3406 1061 3479 atque
1090 3418 1159 3480 per-

144 3500 268 3584 stringit.
293 3494 336 3562 lis
352 3517 426 3562 vero
449 3497 580 3563 civitatis
601 3497 805 3582 temporibus,
827 3497 877 3562 ubi
898 3498 1030 3582 plerique
1050 3499 1159 3564 remoti

144 3610 206 3663 tant
218 3623 237 3666 a
251 3598 406 3684 republica
421 3599 677 3681 administrantia,
695 3600 779 3664 ouius
795 3621 898 3665 euram
914 3619 992 3664 unus
1008 3602 1056 3665 vel
1072 3602 1159 3685 pauci

145 3714 266 3784 gerum,
290 3700 387 3766 maior
399 3711 447 3765 est
464 3701 593 3766 hominis
611 3702 720 3788 privati
742 3713 917 3786 respectus,
941 3702 1043 3786 etqui
1067 3702 1162 3787 publi·

147 3824 203 3869 cam
217 3806 318 3870 lucem
334 3824 393 3868 nou
410 3804 581 3888 quaesivit,
604 3802 630 3869 is
654 3803 685 3867 in
701 3805 872 3891 exemplum
888 3825 949 3869 nou
965 3802 1022 3867 uisi
1039 3825 1056 3867 a
1072 3804 1163 3867 male-

147 3907 209 3972 tolo
231 3918 265 3972 et
286 3905 423 3971 animoso
445 3928 480 3972 ae
506 3905 640 3992 protrahi
669 3916 764 3991 putat.
802 3907 833 3972 A
856 3926 912 3992 qua
935 3906 1075 3970 libertate
1097 3927 1162 3970 rum

147 4004 310 4088 lloratins‚·
336 4030 513 4093 quamquam
540 4027 607 4071 rem
636 4007 780 4093 publicam
802 4031 862 4072 non
886 4008 1005 4092 tetigit,
1029 4029 1090 4071 non
1113 4008 1164 4072 nb·

148 4112 288 4191 uoueret,
312 4111 384 4176 intie
399 4133 462 4177 non
477 4111 595 4191 miuus,
618 4133 706 4195 qoam
722 4114 800 4194 quoti
817 4123 952 4198 tempora
968 4110 1164 4194 hominesque

148 4214 299 4279 rarissime
323 4214 504 4300 castigavit,
535 4215 667 4279 omnium
689 4215 753 4278 iere
776 4213 874 4278 studia
894 4214 924 4276 in
947 4235 980 4279 se
1002 4213 1164 4276 convertit.

149 4313 258 4397 Quodsi
274 4317 335 4380 iaut
352 4316 543 4401 quaerimus,
566 4327 712 4401 quatenos
734 4312 860 4380 Persius
875 4314 905 4378 in
921 4315 1022 4380 satiris
1038 4317 1100 4379 suis
1116 4316 1166 4379 vel

150 4419 292 4502 antiquam
323 4417 404 4483 illam
434 4419 604 4485 libertatem
635 4418 826 4492 servaverit,
865 4420 914 4483 vel
945 4419 991 4482 sui
1024 4417 1169 4502 temporis
1266 4466 1277 4486 .
