2574 5054
466 766 827 832 Pttotuuottuun.
1079 792 1162 837 xuni

88 935 1155 1018 mmmmmwmmfflu

88 1083 94 1121 ς
163 1051 209 1118 tus,
228 1045 273 1126 qni
293 1063 332 1108 ss
351 1043 454 1109 omniu
476 1042 565 1106 matri
584 1041 681 1107 suasit
695 1052 728 1107 ut
742 1042 898 1121 aboleret,
922 1064 980 1126 quo
995 1041 1027 1107 in
1042 1043 1154 1109 indicio

88 1184 91 1202 .
159 1144 201 1208 riri
218 1145 438 1230 prudentissimi
460 1156 550 1230 atquc
571 1142 673 1209 Persii
688 1144 883 1210 amantissimi
900 1165 957 1209 nos
973 1165 1089 1229 quoque
1105 1166 1154 1211 re·

157 1246 288 1329 placere
302 1259 334 1312 et
348 1268 508 1333 possumus
523 1258 556 1314 et
569 1246 724 1312 debemus.

219 1381 287 1450 ltu
303 1383 497 1468 moribusque
511 1379 639 1449 Persius
660 1384 987 1469 praestantissimorum
1003 1383 1151 1463 virorum,

151 1485 304 1568 quibuscum
326 1485 426 1566 vixit,
451 1486 622 1571 exemplum
641 1488 811 1572 expressit,
837 1488 892 1551 tuit
912 1487 991 1570 frugi
1014 1496 1046 1550 et
1067 1485 1152 1571 pudi-

149 1611 205 1668 cus,
226 1607 402 1671 summoque
417 1609 519 1652 amore
540 1598 684 1665 mutuom,
708 1608 865 1668 sororem,
890 1588 1069 1670 amicumque
1089 1607 1152 1649 nm·

145 1691 235 1774 plexus
258 1702 326 1770 cst,
349 1701 384 1755 ut
404 1690 526 1774 pietatis
547 1691 716 1775 exemplum
738 1691 840 1755 vocari
861 1691 1005 1776 potuerit.
1050 1688 1153 1753 Nobis

144 1815 204 1858 vero
218 1795 249 1857 in
265 1793 378 1858 iudicio
394 1793 431 1857 de
446 1788 547 1856 Persii
561 1792 684 1876 ingenio
700 1793 827 1858 terendo
846 1812 943 1875 neque
959 1793 1016 1856 hoc
1031 1791 1153 1856 videtur

140 1895 360 1980 negligendum,
379 1895 457 1978 quod
474 1916 542 1961 eum
558 1916 624 1959 cum
640 1895 759 1959 leminis
774 1895 959 1979 potissimum
975 1894 1150 1978 quotidiano

137 1999 270 2062 convictu
284 1997 479 2062 coniunctum
496 1997 589 2061 inisse
603 1996 753 2062 videmus.
783 1995 970 2081 Quamquam
993 1997 1071 2062 enim
1088 2017 1150 2060 non

133 2120 283 2183 possumus
299 2100 371 2184 quin
386 2119 585 2183 agnoscamus
600 2120 702 2163 curam
721 2111 811 2183 atque
835 2100 1020 2182 diligentium
1041 2099 1148 2165 sollcr-

134 2203 290 2279 bssinnm,
314 2221 403 2285 quem
418 2202 479 2266 lilio
501 2201 657 2266 educendo
678 2214 767 2287 etque
790 2202 957 2266 erudiendo
980 2201 1150 2267 adbibuerit

132 2303 231 2371 Fulvia
256 2303 422 2384 Sisennia,
446 2315 547 2370 umen
570 2306 641 2370 illud
664 2306 779 2391 ipsum,
804 2303 964 2387 quodiam
989 2305 1149 2389 aliquoties

132 2409 363 2494 significavimus
399 2419 431 2473 et
457 2408 534 2492 quod
565 2409 652 2474 uobis
673 2428 748 2473 sene
776 2407 985 2493 gravissimum
1015 2408 1147 2486 videtur,

132 2513 202 2594 quod
217 2514 251 2575 iu
267 2508 369 2575 Persii
384 2511 485 2576 satiris
501 2511 623 2578 scholae
645 2512 832 2597 potissimum
857 2511 1042 2596 disciplinam
1064 2509 1149 2575 vide·

133 2635 210 2692 mus,
234 2615 332 2699 ipsum
348 2615 430 2679 vitre
445 2614 574 2677 ulienum
591 2615 685 2680 luisse
699 2613 982 2693 animadvertimus,
1005 2613 1095 2678 etism
1111 2614 1149 2677 nd

133 2716 280 2780 muliebris
295 2716 522 2780 consuetudinis
536 2717 596 2781 vim
612 2719 801 2796 referemus,
825 2735 901 2799 quoe
916 2716 1055 2780 iuvenem
1077 2737 1149 2781 oon·

133 2818 163 2882 lis
177 2819 327 2883 cariorem
343 2838 470 2901 eumque
486 2839 589 2903 parum
604 2821 687 2884 lirmn
706 2819 878 2883 valetudine
899 2829 1052 2898 utentem,
1076 2839 1149 2902 quo·

134 2922 173 2985 vis
187 2922 276 2985 modo
293 2920 447 2984 custodire
464 2931 495 2983 et
508 2921 642 2987 retinere
659 2923 783 2987 studuit.
807 2916 910 3004 ltaque
926 2922 1003 3003 quod
1022 2923 1149 2986 truditur

135 3044 238 3087 norum
255 3024 351 3087 fuisse
366 3022 608 3104 lenissimorum,
632 3024 682 3107 qui
704 3035 788 3088 tuoto
813 3025 934 3087 terrore
957 3033 1047 3105 etque
1062 3042 1149 3086 ocer-

136 3123 215 3189 bitatc
231 3127 264 3189 in
280 3125 354 3187 vitiu
371 3124 522 3188 hominum
538 3126 677 3191 invectus
693 3138 757 3204 cst,
781 3137 811 3189 et
833 3125 1039 3190 verecundiae
1056 3126 1149 3208 virgi·

136 3229 218 3306 natis,
244 3228 294 3312 qui
311 3248 373 3291 non
390 3228 544 3292 erubescit
557 3229 589 3291 iu
605 3228 708 3292 satiris
724 3226 877 3294 obscoene
901 3228 1003 3292 verbis
1019 3226 1147 3291 fortissi-

137 3331 182 3394 nis
202 3342 358 3408 tractare,
382 3329 496 3394 volcbit
517 3331 555 3394 nd
578 3330 720 3395 iudicium
744 3342 880 3395 nostrum
897 3330 1146 3405 confirmandum,

136 3434 241 3498 scilicet
255 3433 287 3496 in
303 3443 429 3515 utraque
445 3455 479 3498 re
495 3434 635 3497 iuvenem
652 3433 733 3498 vine
756 3444 913 3518 expertem
935 3435 1062 3498 necdum
1088 3454 1149 3496 mn-

137 3544 276 3611 turutum,
300 3537 407 3619 purtim
429 3536 557 3600 eliorum
580 3537 750 3621 exemplum
773 3545 928 3613 secutum,
954 3536 1036 3600 vires
1057 3537 1149 3600 nimio

136 3636 236 3721 impetu
260 3638 430 3702 intendisse
453 3639 531 3703 ultra
552 3648 679 3703 naturae
701 3638 833 3701 modum.
868 3633 958 3719 Quod
983 3637 1079 3703 inilia
1096 3639 1149 3701 ob·

135 3742 293 3804 scocuitate
318 3760 406 3823 qnam
429 3742 558 3806 maxime
580 3750 725 3825 apparet,
748 3760 823 3822 quoe
839 3752 1027 3825 quantopere
1050 3741 1150 3805 nlicnn

134 3853 172 3905 est
186 3842 222 3906 ab
244 3843 313 3908 eius
335 3862 496 3920 sermone,
520 3845 569 3928 qni
591 3842 763 3923 libidinum,
788 3845 891 3929 quoles
917 3843 1051 3907 seculum
1076 3843 1149 3907 illud

133 3946 319 4027 pmierebut,
342 3946 422 4009 hund
444 3946 587 4029 ignarus,
613 3966 718 4011 carum
739 3958 791 4011 aut
813 3946 965 4010 illecebris
987 3965 1097 4029 cepere
1119 3956 1150 4008 et

131 4048 334 4128 permulcere,
373 4060 425 4113 ent
452 4050 512 4113 vim
540 4048 784 4134 indignabundus
815 4049 910 4112 libero
946 4046 1149 4132 descriptione

130 4150 269 4235 lraugere
288 4152 411 4229 studet,
434 4151 514 4216 sicut
528 4151 564 4215 nb
581 4172 618 4216 eu
632 4150 794 4229 libertate,
817 4170 893 4233 quoe
914 4149 946 4212 in
962 4146 1082 4214 Graeco
1099 4170 1150 4212 co-

129 4254 239 4317 noenia
265 4263 319 4317 aut
340 4250 460 4318 Lucilio
483 4254 744 4339 conspiciebatur,
769 4262 801 4315 et
821 4251 886 4316 vitii
905 4252 1045 4316 immunis
1062 4263 1150 4314 untu-

129 4356 196 4420 ntis
213 4378 277 4419 non
293 4376 364 4421 esse
381 4358 479 4440 turpia
495 4357 637 4443 putebat,
660 4357 687 4422 si
705 4377 771 4420 cum
788 4355 851 4418 risu
867 4365 898 4417 et
913 4353 980 4417 ioco
996 4353 1150 4437 agitaren-

130 4466 188 4536 tur,
206 4494 250 4507 -
273 4458 311 4524 ab
335 4458 383 4524 bis
406 4458 498 4543 igitur
518 4472 661 4544 quantum
684 4458 804 4524 diverse
827 4456 867 4519 sit
880 4452 981 4519 Persii
997 4455 1151 4519 obscoeno
