<?xml version="1.0" encoding="UTF-8"?>
<!DOCTYPE html PUBLIC "-//W3C//DTD XHTML 1.0 Transitional//EN"
    "http://www.w3.org/TR/xhtml1/DTD/xhtml1-transitional.dtd">
<html xmlns="http://www.w3.org/1999/xhtml" xml:lang="en" lang="en">
 <head>
  <title>
</title>
<meta http-equiv="Content-Type" content="text/html;charset=utf-8" />
  <meta name='ocr-system' content='tesseract 3.04.00' />
  <meta name='ocr-capabilities' content='ocr_page ocr_carea ocr_par ocr_line ocrx_word'/>
</head>
<body>
  <div class='ocr_page' id='page_1' title='image "./satirarumliberc00jahngoog_0074.png"; bbox 0 0 2574 5054; ppageno 0'>
   <div class='ocr_carea' id='block_1_1' title="bbox 455 758 1150 832">
    <p class='ocr_par' dir='ltr' id='par_1_1' title="bbox 455 758 1150 832">
     <span class='ocr_line' id='line_1_1' title="bbox 455 758 1150 832; baseline 0.014 -10"><span class='ocrx_word' id='word_1_1' title='bbox 455 758 827 823; x_wconf 67' lang='lat' dir='ltr'><strong>PROLEGOMENA.</strong></span> <span class='ocrx_word' id='word_1_2' title='bbox 1082 788 1150 832; x_wconf 79' lang='lat' dir='ltr'><strong>uun</strong></span> 
     </span>
    </p>
   </div>
   <div class='ocr_carea' id='block_1_2' title="bbox 80 927 1153 1530">
    <p class='ocr_par' dir='ltr' id='par_1_2' title="bbox 80 927 1153 1530">
     <span class='ocr_line' id='line_1_2' title="bbox 157 927 1151 1015; baseline 0.007 -21"><span class='ocrx_word' id='word_1_3' title='bbox 157 927 298 996; x_wconf 73' lang='lat' dir='ltr'><strong>lemnon</strong></span> <span class='ocrx_word' id='word_1_4' title='bbox 332 950 456 999; x_wconf 79' lang='lat' dir='ltr'><strong>uersum</strong></span> <span class='ocrx_word' id='word_1_5' title='bbox 482 951 502 995; x_wconf 81' lang='lat' dir='ltr'><strong>e</strong></span> <span class='ocrx_word' id='word_1_6' title='bbox 528 927 650 1000; x_wconf 85' lang='lat' dir='ltr'><strong>Lucilio¹</strong></span> <span class='ocrx_word' id='word_1_7' title='bbox 685 927 903 1015; x_wconf 82' lang='lat' dir='ltr'><strong>reprehensum</strong></span> <span class='ocrx_word' id='word_1_8' title='bbox 933 947 1151 1001; x_wconf 82' lang='lat' dir='ltr'><strong>commemorat</strong></span> 
     </span>
     <span class='ocr_line' id='line_1_3' title="bbox 154 1027 1148 1118; baseline 0.007 -20"><span class='ocrx_word' id='word_1_9' title='bbox 154 1029 253 1100; x_wconf 73' lang='lat' dir='ltr'><strong>Servius</strong></span> <span class='ocrx_word' id='word_1_10' title='bbox 274 1034 327 1106; x_wconf 83' lang='lat' dir='ltr'><strong>(ed</strong></span> <span class='ocrx_word' id='word_1_11' title='bbox 348 1030 440 1118; x_wconf 76' lang='lat' dir='ltr'><strong>Virg.</strong></span> <span class='ocrx_word' id='word_1_12' title='bbox 462 1033 546 1098; x_wconf 79' lang='lat' dir='ltr'><strong>Aen.</strong></span> <span class='ocrx_word' id='word_1_13' title='bbox 562 1029 624 1109; x_wconf 84' lang='lat' dir='ltr'><strong>xl,</strong></span> <span class='ocrx_word' id='word_1_14' title='bbox 640 1027 738 1117; x_wconf 77' lang='lat'><strong>601),</strong></span> <span class='ocrx_word' id='word_1_15' title='bbox 764 1027 930 1097; x_wconf 87' lang='lat' dir='ltr'><strong>Pacuvium</strong></span> <span class='ocrx_word' id='word_1_16' title='bbox 950 1056 1014 1100; x_wconf 88' lang='lat' dir='ltr'><strong>nou</strong></span> <span class='ocrx_word' id='word_1_17' title='bbox 1036 1037 1148 1104; x_wconf 79' lang='lat' dir='ltr'><strong>aldsse</strong></span> 
     </span>
     <span class='ocr_line' id='line_1_4' title="bbox 151 1131 1147 1220; baseline 0.007 -22"><span class='ocrx_word' id='word_1_18' title='bbox 151 1133 259 1200; x_wconf 75' lang='lat' dir='ltr'><strong>menn</strong></span> <span class='ocrx_word' id='word_1_19' title='bbox 281 1136 373 1201; x_wconf 87' lang='lat' dir='ltr'><strong>docet</strong></span> <span class='ocrx_word' id='word_1_20' title='bbox 394 1134 445 1199; x_wconf 85' lang='lat' dir='ltr'><strong>vel</strong></span> <span class='ocrx_word' id='word_1_21' title='bbox 465 1154 582 1199; x_wconf 84' lang='lat' dir='ltr'><strong>versus·</strong></span> <span class='ocrx_word' id='word_1_22' title='bbox 597 1134 673 1219; x_wconf 77' lang='lat' dir='ltr'><strong>apud</strong></span> <span class='ocrx_word' id='word_1_23' title='bbox 696 1131 834 1199; x_wconf 91' lang='lat' dir='ltr'><strong>Nouium</strong></span> <span class='ocrx_word' id='word_1_24' title='bbox 854 1133 870 1220; x_wconf 85' lang='lat'>(</span> <span class='ocrx_word' id='word_1_25' title='bbox 889 1181 896 1198; x_wconf 90' lang='lat'><strong>.</strong></span> <span class='ocrx_word' id='word_1_26' title='bbox 913 1157 946 1199; x_wconf 86' lang='lat' dir='ltr'><strong>v.</strong></span> <span class='ocrx_word' id='word_1_27' title='bbox 970 1137 1147 1219; x_wconf 74' lang='lat' dir='ltr'><strong>cuordoicm,</strong></span> 
     </span>
     <span class='ocr_line' id='line_1_5' title="bbox 148 1234 1149 1322; baseline 0.007 -23"><span class='ocrx_word' id='word_1_28' title='bbox 148 1237 175 1299; x_wconf 85' lang='lat' dir='ltr'><strong>ln.</strong></span> <span class='ocrx_word' id='word_1_29' title='bbox 188 1235 308 1318; x_wconf 74' lang='lat' dir='ltr'><strong>xxix,</strong></span> <span class='ocrx_word' id='word_1_30' title='bbox 324 1234 400 1318; x_wconf 70' lang='lat' dir='ltr'><strong>dal:</strong></span> <span class='ocrx_word' id='word_1_31' title='bbox 427 1234 538 1301; x_wconf 82' lang='lat' dir='ltr'><strong>Utrum</strong></span> <span class='ocrx_word' id='word_1_32' title='bbox 559 1236 661 1301; x_wconf 65' lang='lat' dir='ltr'><strong>tutet</strong></span> <span class='ocrx_word' id='word_1_33' title='bbox 682 1243 827 1300; x_wconf 84' lang='lat' dir='ltr'><strong>contorto</strong></span> <span class='ocrx_word' id='word_1_34' title='bbox 853 1238 960 1322; x_wconf 78' lang='lat' dir='ltr'><strong>aliquo</strong></span> <span class='ocrx_word' id='word_1_35' title='bbox 983 1260 1027 1303; x_wconf 77' lang='lat' dir='ltr'><strong>eo</strong></span> <span class='ocrx_word' id='word_1_36' title='bbox 1046 1240 1149 1306; x_wconf 83' lang='lat' dir='ltr'><strong>Pacu·</strong></span> 
     </span>
     <span class='ocr_line' id='line_1_6' title="bbox 145 1332 1148 1423; baseline 0.008 -23"><span class='ocrx_word' id='word_1_37' title='bbox 145 1340 217 1404; x_wconf 74' lang='lat' dir='ltr'><strong>nono</strong></span> <span class='ocrx_word' id='word_1_38' title='bbox 230 1339 367 1405; x_wconf 67' lang='lat' dir='ltr'><strong>exordio</strong></span> <span class='ocrx_word' id='word_1_39' title='bbox 378 1387 389 1418; x_wconf 93' lang='lat'><strong>,</strong></span> <span class='ocrx_word' id='word_1_40' title='bbox 414 1332 563 1423; x_wconf 79' lang='lat' dir='ltr'><strong>atquead</strong></span> <span class='ocrx_word' id='word_1_41' title='bbox 585 1338 654 1403; x_wconf 84' lang='lat' dir='ltr'><strong>eius</strong></span> <span class='ocrx_word' id='word_1_42' title='bbox 675 1334 872 1403; x_wconf 85' lang='lat' dir='ltr'><strong>Dulorestem</strong></span> <span class='ocrx_word' id='word_1_43' title='bbox 893 1335 1005 1414; x_wconf 80' lang='lat' dir='ltr'><strong>Lucilii</strong></span> <span class='ocrx_word' id='word_1_44' title='bbox 1026 1361 1148 1408; x_wconf 83' lang='lat' dir='ltr'><strong>versum</strong></span> 
     </span>
     <span class='ocr_line' id='line_1_7' title="bbox 80 1437 1153 1530; baseline 0.005 -27"><span class='ocrx_word' id='word_1_45' title='bbox 80 1447 82 1465; x_wconf 93' lang='lat'>&#39;</span> <span class='ocrx_word' id='word_1_46' title='bbox 143 1443 217 1525; x_wconf 83' lang='lat' dir='ltr'><strong>(apud</strong></span> <span class='ocrx_word' id='word_1_47' title='bbox 232 1439 379 1507; x_wconf 71' lang='lat' dir='ltr'><strong>Prisc-..X</strong></span> <span class='ocrx_word' id='word_1_48' title='bbox 392 1437 507 1526; x_wconf 72' lang='lat' dir='ltr'><strong>peut,</strong></span> <span class='ocrx_word' id='word_1_49' title='bbox 525 1437 669 1520; x_wconf 87' lang='lat' dir='ltr'><strong>lr.X[X,</strong></span> <span class='ocrx_word' id='word_1_50' title='bbox 686 1437 741 1523; x_wconf 81' lang='lat'><strong>8):</strong></span> <span class='ocrx_word' id='word_1_51' title='bbox 763 1437 911 1504; x_wconf 69' lang='lat' dir='ltr'><strong>domum</strong></span> <span class='ocrx_word' id='word_1_52' title='bbox 935 1444 1081 1528; x_wconf 79' lang='lat' dir='ltr'><strong>tragicus</strong></span> <span class='ocrx_word' id='word_1_53' title='bbox 1095 1442 1153 1530; x_wconf 79' lang='lat' dir='ltr'><strong>‘qui</strong></span> 
     </span>
    </p>
   </div>
   <div class='ocr_carea' id='block_1_3' title="bbox 129 1539 1226 4381">
    <p class='ocr_par' dir='ltr' id='par_1_3' title="bbox 129 1539 1226 4381">
     <span class='ocr_line' id='line_1_8' title="bbox 141 1539 1148 1630; baseline 0.005 -24"><span class='ocrx_word' id='word_1_54' title='bbox 141 1545 269 1608; x_wconf 67' lang='lat' dir='ltr'><strong>mnino</strong></span> <span class='ocrx_word' id='word_1_55' title='bbox 285 1539 396 1630; x_wconf 76' lang='lat' dir='ltr'><strong>perdit</strong></span> <span class='ocrx_word' id='word_1_56' title='bbox 413 1540 544 1616; x_wconf 69' lang='lat' dir='ltr'><strong>Oreste,</strong></span> <span class='ocrx_word' id='word_1_57' title='bbox 559 1542 664 1607; x_wconf 86' lang='lat' dir='ltr'><strong>retulit</strong></span> <span class='ocrx_word' id='word_1_58' title='bbox 677 1541 817 1608; x_wconf 87' lang='lat' dir='ltr'><strong>Naekius</strong></span> <span class='ocrx_word' id='word_1_59' title='bbox 833 1541 916 1628; x_wconf 85' lang='lat' dir='ltr'><strong>(opp.</strong></span> <span class='ocrx_word' id='word_1_60' title='bbox 934 1565 965 1629; x_wconf 88' lang='lat' dir='ltr'><strong>p.</strong></span> <span class='ocrx_word' id='word_1_61' title='bbox 982 1541 1148 1628; x_wconf 54' lang='lat' dir='ltr'><strong>illituum),</strong></span> 
     </span>
     <span class='ocr_line' id='line_1_9' title="bbox 139 1641 1149 1731; baseline 0.004 -24"><span class='ocrx_word' id='word_1_62' title='bbox 139 1645 177 1727; x_wconf 79' lang='lat' dir='ltr'><strong>poi</strong></span> <span class='ocrx_word' id='word_1_63' title='bbox 197 1646 275 1710; x_wconf 86' lang='lat' dir='ltr'><strong>alios</strong></span> <span class='ocrx_word' id='word_1_64' title='bbox 296 1665 416 1728; x_wconf 84' lang='lat' dir='ltr'><strong>quoque</strong></span> <span class='ocrx_word' id='word_1_65' title='bbox 436 1641 549 1709; x_wconf 89' lang='lat' dir='ltr'><strong>Lucilii</strong></span> <span class='ocrx_word' id='word_1_66' title='bbox 568 1644 654 1709; x_wconf 92' lang='lat' dir='ltr'><strong>locos</strong></span> <span class='ocrx_word' id='word_1_67' title='bbox 675 1644 781 1709; x_wconf 90' lang='lat' dir='ltr'><strong>similis</strong></span> <span class='ocrx_word' id='word_1_68' title='bbox 803 1647 974 1729; x_wconf 84' lang='lat' dir='ltr'><strong>argumenti</strong></span> <span class='ocrx_word' id='word_1_69' title='bbox 989 1648 1149 1731; x_wconf 83' lang='lat' dir='ltr'><strong>ingeniose</strong></span> 
     </span>
     <span class='ocr_line' id='line_1_10' title="bbox 138 1744 1150 1831; baseline 0.005 -21"><span class='ocrx_word' id='word_1_70' title='bbox 138 1746 281 1812; x_wconf 72' lang='lat' dir='ltr'><strong>momnis.</strong></span> <span class='ocrx_word' id='word_1_71' title='bbox 316 1744 427 1813; x_wconf 83' lang='lat' dir='ltr'><strong>Talem</strong></span> <span class='ocrx_word' id='word_1_72' title='bbox 447 1766 607 1812; x_wconf 77' lang='lat' dir='ltr'><strong>censuram</strong></span> <span class='ocrx_word' id='word_1_73' title='bbox 628 1747 660 1810; x_wconf 91' lang='lat' dir='ltr'><strong>iu</strong></span> <span class='ocrx_word' id='word_1_74' title='bbox 679 1745 757 1810; x_wconf 84' lang='lat' dir='ltr'><strong>libro</strong></span> <span class='ocrx_word' id='word_1_75' title='bbox 781 1747 898 1812; x_wconf 91' lang='lat' dir='ltr'><strong>decimo</strong></span> <span class='ocrx_word' id='word_1_76' title='bbox 922 1750 1107 1831; x_wconf 84' lang='lat' dir='ltr'><strong>potissimum</strong></span> <span class='ocrx_word' id='word_1_77' title='bbox 1131 1771 1150 1815; x_wconf 88' lang='lat' dir='ltr'><strong>a</strong></span> 
     </span>
     <span class='ocr_line' id='line_1_11' title="bbox 134 1846 1150 1934; baseline 0.001 -20"><span class='ocrx_word' id='word_1_78' title='bbox 134 1846 244 1915; x_wconf 83' lang='lat' dir='ltr'><strong>Lucilio</strong></span> <span class='ocrx_word' id='word_1_79' title='bbox 254 1851 364 1913; x_wconf 77' lang='lat' dir='ltr'><strong>lectum</strong></span> <span class='ocrx_word' id='word_1_80' title='bbox 375 1869 446 1914; x_wconf 83' lang='lat' dir='ltr'><strong>esse</strong></span> <span class='ocrx_word' id='word_1_81' title='bbox 456 1868 613 1934; x_wconf 86' lang='lat' dir='ltr'><strong>possemus</strong></span> <span class='ocrx_word' id='word_1_82' title='bbox 621 1850 680 1915; x_wconf 85' lang='lat' dir='ltr'><strong>ium</strong></span> <span class='ocrx_word' id='word_1_83' title='bbox 689 1849 866 1914; x_wconf 88' lang='lat' dir='ltr'><strong>coniectura</strong></span> <span class='ocrx_word' id='word_1_84' title='bbox 875 1852 1008 1934; x_wconf 82' lang='lat' dir='ltr'><strong>assequi,</strong></span> <span class='ocrx_word' id='word_1_85' title='bbox 1026 1852 1150 1917; x_wconf 86' lang='lat' dir='ltr'><strong>nisiex-</strong></span> 
     </span>
     <span class='ocr_line' id='line_1_12' title="bbox 132 1950 1146 2034; baseline -0.001 -17"><span class='ocrx_word' id='word_1_86' title='bbox 132 1962 218 2017; x_wconf 76' lang='lat' dir='ltr'><strong>curet</strong></span> <span class='ocrx_word' id='word_1_87' title='bbox 232 1952 381 2016; x_wconf 82' lang='lat' dir='ltr'><strong>disertum</strong></span> <span class='ocrx_word' id='word_1_88' title='bbox 395 1951 600 2017; x_wconf 86' lang='lat' dir='ltr'><strong>testimonium</strong></span> <span class='ocrx_word' id='word_1_89' title='bbox 615 1951 692 2034; x_wconf 88' lang='lat' dir='ltr'><strong>apud</strong></span> <span class='ocrx_word' id='word_1_90' title='bbox 702 1950 797 2016; x_wconf 82' lang='lat' dir='ltr'><strong>schol.</strong></span> <span class='ocrx_word' id='word_1_91' title='bbox 810 1951 956 2017; x_wconf 73' lang='lat' dir='ltr'><strong>Honsat.</strong></span> <span class='ocrx_word' id='word_1_92' title='bbox 973 1950 1001 2030; x_wconf 89' lang='lat'><strong>1,</strong></span> <span class='ocrx_word' id='word_1_93' title='bbox 1018 1951 1071 2032; x_wconf 89' lang='grc'><strong>10,</strong></span> <span class='ocrx_word' id='word_1_94' title='bbox 1088 1951 1146 2017; x_wconf 75' lang='grc' dir='ltr'><strong>52ι</strong></span> 
     </span>
     <span class='ocr_line' id='line_1_13' title="bbox 132 2051 1148 2141; baseline 0.002 -23"><span class='ocrx_word' id='word_1_95' title='bbox 132 2052 226 2118; x_wconf 74' lang='grc' dir='ltr'><strong><em>θοιιίε</em></strong></span> <span class='ocrx_word' id='word_1_96' title='bbox 248 2052 396 2118; x_wconf 72' lang='lat' dir='ltr'><strong>Lentim</strong></span> <span class='ocrx_word' id='word_1_97' title='bbox 404 2062 541 2139; x_wconf 82' lang='lat' dir='ltr'><strong>propter</strong></span> <span class='ocrx_word' id='word_1_98' title='bbox 553 2051 763 2116; x_wconf 74' lang='lat' dir='ltr'><strong>urbanitatem</strong></span> <span class='ocrx_word' id='word_1_99' title='bbox 779 2051 896 2117; x_wconf 72' lang='lat' dir='ltr'><strong>dictur</strong></span> <span class='ocrx_word' id='word_1_100' title='bbox 919 2064 953 2119; x_wconf 86' lang='lat' dir='ltr'><strong>et</strong></span> <span class='ocrx_word' id='word_1_101' title='bbox 971 2064 1073 2119; x_wconf 83' lang='lat' dir='ltr'><strong>mutat</strong></span> <span class='ocrx_word' id='word_1_102' title='bbox 1085 2077 1148 2141; x_wconf 85' lang='lat' dir='ltr'><strong>pro</strong></span> 
     </span>
     <span class='ocr_line' id='line_1_14' title="bbox 130 2152 1148 2242; baseline 0.003 -23"><span class='ocrx_word' id='word_1_103' title='bbox 130 2175 160 2219; x_wconf 83' lang='lat' dir='ltr'><strong>eo</strong></span> <span class='ocrx_word' id='word_1_104' title='bbox 181 2155 269 2242; x_wconf 79' lang='lat' dir='ltr'><strong>quod</strong></span> <span class='ocrx_word' id='word_1_105' title='bbox 288 2153 433 2220; x_wconf 82' lang='lat' dir='ltr'><strong>emendat</strong></span> <span class='ocrx_word' id='word_1_106' title='bbox 446 2155 586 2240; x_wconf 80' lang='lat' dir='ltr'><strong>positum</strong></span> <span class='ocrx_word' id='word_1_107' title='bbox 608 2162 666 2218; x_wconf 81' lang='lat' dir='ltr'><strong>eet.</strong></span> <span class='ocrx_word' id='word_1_108' title='bbox 698 2152 788 2218; x_wconf 79' lang='lat' dir='ltr'><strong>Fecit</strong></span> <span class='ocrx_word' id='word_1_109' title='bbox 809 2164 910 2218; x_wconf 83' lang='lat' dir='ltr'><strong>autem</strong></span> <span class='ocrx_word' id='word_1_110' title='bbox 924 2154 1067 2221; x_wconf 77' lang='lat' dir='ltr'><strong>Lucilius</strong></span> <span class='ocrx_word' id='word_1_111' title='bbox 1081 2179 1148 2221; x_wconf 83' lang='lat' dir='ltr'><strong>cum</strong></span> 
     </span>
     <span class='ocr_line' id='line_1_15' title="bbox 129 2255 1148 2331; baseline 0.001 -10"><span class='ocrx_word' id='word_1_112' title='bbox 129 2258 221 2331; x_wconf 67' lang='lat' dir='ltr'><strong>educ,</strong></span> <span class='ocrx_word' id='word_1_113' title='bbox 245 2267 312 2321; x_wconf 80' lang='lat' dir='ltr'><strong>mm</strong></span> <span class='ocrx_word' id='word_1_114' title='bbox 334 2256 387 2320; x_wconf 85' lang='lat' dir='ltr'><strong>cel</strong></span> <span class='ocrx_word' id='word_1_115' title='bbox 402 2258 436 2320; x_wconf 81' lang='lat' dir='ltr'><strong>cie</strong></span> <span class='ocrx_word' id='word_1_116' title='bbox 458 2258 552 2319; x_wconf 84' lang='lat' dir='ltr'><strong>tertio</strong></span> <span class='ocrx_word' id='word_1_117' title='bbox 573 2256 677 2330; x_wconf 82' lang='lat' dir='ltr'><strong>libro,</strong></span> <span class='ocrx_word' id='word_1_118' title='bbox 701 2265 734 2319; x_wconf 89' lang='lat' dir='ltr'><strong>et</strong></span> <span class='ocrx_word' id='word_1_119' title='bbox 755 2275 836 2319; x_wconf 84' lang='lat' dir='ltr'><strong>nouo</strong></span> <span class='ocrx_word' id='word_1_120' title='bbox 860 2265 891 2320; x_wconf 88' lang='lat' dir='ltr'><strong>et</strong></span> <span class='ocrx_word' id='word_1_121' title='bbox 911 2255 1038 2321; x_wconf 64' lang='lat' dir='ltr'><strong>deceno.</strong></span> <span class='ocrx_word' id='word_1_122' title='bbox 1072 2256 1148 2323; x_wconf 90' lang='lat' dir='ltr'><strong>lude</strong></span> 
     </span>
     <span class='ocr_line' id='line_1_16' title="bbox 129 2357 1150 2443; baseline 0.001 -21"><span class='ocrx_word' id='word_1_123' title='bbox 129 2359 214 2442; x_wconf 69' lang='lat' dir='ltr'><strong>ip&#39;ur</strong></span> <span class='ocrx_word' id='word_1_124' title='bbox 235 2357 276 2423; x_wconf 77' lang='lat' dir='ltr'><strong>ed</strong></span> <span class='ocrx_word' id='word_1_125' title='bbox 297 2359 423 2442; x_wconf 83' lang='lat' dir='ltr'><strong>primum</strong></span> <span class='ocrx_word' id='word_1_126' title='bbox 444 2358 569 2423; x_wconf 82' lang='lat' dir='ltr'><strong>satiram</strong></span> <span class='ocrx_word' id='word_1_127' title='bbox 590 2358 829 2443; x_wconf 74' lang='lat' dir='ltr'><strong>componendam</strong></span> <span class='ocrx_word' id='word_1_128' title='bbox 849 2359 981 2423; x_wconf 87' lang='lat' dir='ltr'><strong>animum</strong></span> <span class='ocrx_word' id='word_1_129' title='bbox 1003 2359 1150 2425; x_wconf 80' lang='lat' dir='ltr'><strong>sumsisse</strong></span> 
     </span>
     <span class='ocr_line' id='line_1_17' title="bbox 129 2456 1226 2546; baseline 0.003 -23"><span class='ocrx_word' id='word_1_130' title='bbox 129 2460 244 2524; x_wconf 77' lang='lat' dir='ltr'><strong>uidetur</strong></span> <span class='ocrx_word' id='word_1_131' title='bbox 265 2456 404 2525; x_wconf 82' lang='lat' dir='ltr'><strong>Persius.</strong></span> <span class='ocrx_word' id='word_1_132' title='bbox 437 2458 547 2544; x_wconf 88' lang='lat' dir='ltr'><strong>Neque</strong></span> <span class='ocrx_word' id='word_1_133' title='bbox 571 2461 804 2546; x_wconf 79' lang='lat' dir='ltr'><strong>negligendum,</strong></span> <span class='ocrx_word' id='word_1_134' title='bbox 830 2461 888 2526; x_wconf 88' lang='lat' dir='ltr'><strong>dici</strong></span> <span class='ocrx_word' id='word_1_135' title='bbox 903 2458 1042 2525; x_wconf 86' lang='lat' dir='ltr'><strong>Persium</strong></span> <span class='ocrx_word' id='word_1_136' title='bbox 1058 2459 1150 2526; x_wconf 90' lang='lat' dir='ltr'><strong>Luci·</strong></span> <span class='ocrx_word' id='word_1_137' title='bbox 1224 2528 1226 2532; x_wconf 12' lang='grc' dir='ltr'><em>Α</em></span> 
     </span>
     <span class='ocr_line' id='line_1_18' title="bbox 130 2560 1146 2648; baseline 0.001 -22"><span class='ocrx_word' id='word_1_138' title='bbox 130 2560 198 2626; x_wconf 80' lang='lat' dir='ltr'><strong>lani</strong></span> <span class='ocrx_word' id='word_1_139' title='bbox 225 2561 297 2627; x_wconf 85' lang='lat' dir='ltr'><strong>libri</strong></span> <span class='ocrx_word' id='word_1_140' title='bbox 325 2562 442 2626; x_wconf 90' lang='lat' dir='ltr'><strong>initium</strong></span> <span class='ocrx_word' id='word_1_141' title='bbox 471 2563 616 2626; x_wconf 87' lang='lat' dir='ltr'><strong>imitatum</strong></span> <span class='ocrx_word' id='word_1_142' title='bbox 645 2582 735 2640; x_wconf 88' lang='lat' dir='ltr'><strong>esse,</strong></span> <span class='ocrx_word' id='word_1_143' title='bbox 779 2563 860 2626; x_wconf 90' lang='lat' dir='ltr'><strong>unde</strong></span> <span class='ocrx_word' id='word_1_144' title='bbox 891 2562 1042 2629; x_wconf 88' lang='lat' dir='ltr'><strong>Heusdius</strong></span> <span class='ocrx_word' id='word_1_145' title='bbox 1064 2563 1101 2648; x_wconf 86' lang='grc' dir='ltr'><strong>(Ι.</strong></span> <span class='ocrx_word' id='word_1_146' title='bbox 1125 2563 1146 2627; x_wconf 94' lang='lat' dir='ltr'><strong>l.</strong></span> 
     </span>
     <span class='ocr_line' id='line_1_19' title="bbox 129 2662 1149 2750; baseline 0.005 -23"><span class='ocrx_word' id='word_1_147' title='bbox 129 2687 155 2748; x_wconf 90' lang='lat' dir='ltr'><strong>p.</strong></span> <span class='ocrx_word' id='word_1_148' title='bbox 173 2663 234 2730; x_wconf 85' lang='lat'><strong>177</strong></span> <span class='ocrx_word' id='word_1_149' title='bbox 249 2662 336 2749; x_wconf 85' lang='lat' dir='ltr'><strong>sqq.)</strong></span> <span class='ocrx_word' id='word_1_150' title='bbox 357 2665 506 2743; x_wconf 87' lang='lat' dir='ltr'><strong>coniecit,</strong></span> <span class='ocrx_word' id='word_1_151' title='bbox 536 2663 687 2729; x_wconf 88' lang='lat' dir='ltr'><strong>Lucilium</strong></span> <span class='ocrx_word' id='word_1_152' title='bbox 712 2685 829 2748; x_wconf 90' lang='lat' dir='ltr'><strong>quoque</strong></span> <span class='ocrx_word' id='word_1_153' title='bbox 852 2686 869 2727; x_wconf 85' lang='lat' dir='ltr'><strong>a</strong></span> <span class='ocrx_word' id='word_1_154' title='bbox 891 2686 925 2730; x_wconf 93' lang='lat' dir='ltr'><strong>se</strong></span> <span class='ocrx_word' id='word_1_155' title='bbox 947 2665 1012 2750; x_wconf 86' lang='lat' dir='ltr'><strong>ipso</strong></span> <span class='ocrx_word' id='word_1_156' title='bbox 1032 2665 1149 2749; x_wconf 83' lang='lat' dir='ltr'><strong>vitupe-</strong></span> 
     </span>
     <span class='ocr_line' id='line_1_20' title="bbox 130 2764 1146 2851; baseline 0 -21"><span class='ocrx_word' id='word_1_157' title='bbox 130 2769 221 2830; x_wconf 84' lang='lat' dir='ltr'><strong>rando</strong></span> <span class='ocrx_word' id='word_1_158' title='bbox 237 2767 358 2830; x_wconf 88' lang='lat' dir='ltr'><strong>initium</strong></span> <span class='ocrx_word' id='word_1_159' title='bbox 372 2766 487 2846; x_wconf 86' lang='lat' dir='ltr'><strong>luisse,</strong></span> <span class='ocrx_word' id='word_1_160' title='bbox 510 2778 544 2831; x_wconf 88' lang='lat' dir='ltr'><strong>ut</strong></span> <span class='ocrx_word' id='word_1_161' title='bbox 557 2767 634 2832; x_wconf 89' lang='lat' dir='ltr'><strong>alios</strong></span> <span class='ocrx_word' id='word_1_162' title='bbox 650 2767 760 2832; x_wconf 89' lang='lat' dir='ltr'><strong>deindo</strong></span> <span class='ocrx_word' id='word_1_163' title='bbox 776 2778 927 2851; x_wconf 79' lang='lat' dir='ltr'><strong>carperet.</strong></span> <span class='ocrx_word' id='word_1_164' title='bbox 963 2764 1028 2831; x_wconf 88' lang='lat' dir='ltr'><strong>lam</strong></span> <span class='ocrx_word' id='word_1_165' title='bbox 1050 2767 1146 2833; x_wconf 79' lang='lat' dir='ltr'><strong>scluol.</strong></span> 
     </span>
     <span class='ocr_line' id='line_1_21' title="bbox 130 2865 1147 2954; baseline 0 -22"><span class='ocrx_word' id='word_1_166' title='bbox 130 2871 161 2932; x_wconf 82' lang='lat' dir='ltr'><strong>ed</strong></span> <span class='ocrx_word' id='word_1_167' title='bbox 177 2865 204 2947; x_wconf 91' lang='lat' dir='ltr'><strong>l,</strong></span> <span class='ocrx_word' id='word_1_168' title='bbox 219 2870 243 2933; x_wconf 78' lang='lat'>2</span> <span class='ocrx_word' id='word_1_169' title='bbox 257 2869 435 2948; x_wconf 85' lang='lat' dir='ltr'><strong>annotavit,</strong></span> <span class='ocrx_word' id='word_1_170' title='bbox 459 2869 538 2934; x_wconf 87' lang='lat' dir='ltr'><strong>hunc</strong></span> <span class='ocrx_word' id='word_1_171' title='bbox 554 2890 602 2934; x_wconf 85' lang='lat' dir='ltr'><strong>vs·</strong></span> <span class='ocrx_word' id='word_1_172' title='bbox 619 2880 747 2933; x_wconf 89' lang='lat' dir='ltr'><strong>sumtum</strong></span> <span class='ocrx_word' id='word_1_173' title='bbox 764 2890 833 2934; x_wconf 91' lang='lat' dir='ltr'><strong>esse</strong></span> <span class='ocrx_word' id='word_1_174' title='bbox 849 2868 886 2934; x_wconf 93' lang='lat' dir='ltr'><strong>de</strong></span> <span class='ocrx_word' id='word_1_175' title='bbox 907 2867 1018 2934; x_wconf 81' lang='lat' dir='ltr'><strong>Lucilii</strong></span> <span class='ocrx_word' id='word_1_176' title='bbox 1039 2871 1147 2954; x_wconf 85' lang='lat' dir='ltr'><strong>primo,</strong></span> 
     </span>
     <span class='ocr_line' id='line_1_22' title="bbox 130 2967 1149 3057; baseline 0.002 -23"><span class='ocrx_word' id='word_1_177' title='bbox 130 2972 201 3053; x_wconf 77' lang='lat' dir='ltr'><strong>qaod</strong></span> <span class='ocrx_word' id='word_1_178' title='bbox 217 2972 256 3035; x_wconf 80' lang='lat' dir='ltr'><strong>ud</strong></span> <span class='ocrx_word' id='word_1_179' title='bbox 272 2993 322 3035; x_wconf 90' lang='lat' dir='ltr'><strong>vs.</strong></span> <span class='ocrx_word' id='word_1_180' title='bbox 340 2969 357 3035; x_wconf 88' lang='lat'><strong>1</strong></span> <span class='ocrx_word' id='word_1_181' title='bbox 375 2972 473 3057; x_wconf 88' lang='lat' dir='ltr'><strong>potius</strong></span> <span class='ocrx_word' id='word_1_182' title='bbox 489 2972 641 3055; x_wconf 87' lang='lat' dir='ltr'><strong>pertinere</strong></span> <span class='ocrx_word' id='word_1_183' title='bbox 655 2972 715 3035; x_wconf 87' lang='lat' dir='ltr'><strong>iam</strong></span> <span class='ocrx_word' id='word_1_184' title='bbox 731 2971 974 3038; x_wconf 85' lang='lat' dir='ltr'><strong>animadversum</strong></span> <span class='ocrx_word' id='word_1_185' title='bbox 994 2981 1053 3036; x_wconf 85' lang='lat' dir='ltr'><strong>est.</strong></span> <span class='ocrx_word' id='word_1_186' title='bbox 1086 2967 1149 3036; x_wconf 90' lang='lat' dir='ltr'><strong>Sed</strong></span> 
     </span>
     <span class='ocr_line' id='line_1_23' title="bbox 131 3069 1150 3158; baseline 0 -23"><span class='ocrx_word' id='word_1_187' title='bbox 131 3073 195 3137; x_wconf 80' lang='lat' dir='ltr'><strong>nili</strong></span> <span class='ocrx_word' id='word_1_188' title='bbox 210 3073 330 3157; x_wconf 82' lang='lat' dir='ltr'><strong>quidem</strong></span> <span class='ocrx_word' id='word_1_189' title='bbox 346 3093 519 3158; x_wconf 75' lang='lat' dir='ltr'><strong>persuasum</strong></span> <span class='ocrx_word' id='word_1_190' title='bbox 537 3083 604 3152; x_wconf 87' lang='lat' dir='ltr'><strong>est,</strong></span> <span class='ocrx_word' id='word_1_191' title='bbox 626 3073 854 3158; x_wconf 81' lang='lat' dir='ltr'><strong>intelligendum</strong></span> <span class='ocrx_word' id='word_1_192' title='bbox 879 3093 1025 3138; x_wconf 89' lang='lat' dir='ltr'><strong>essenon</strong></span> <span class='ocrx_word' id='word_1_193' title='bbox 1041 3069 1150 3137; x_wconf 87' lang='lat' dir='ltr'><strong>Lucilii</strong></span> 
     </span>
     <span class='ocr_line' id='line_1_24' title="bbox 133 3172 1151 3259; baseline 0.001 -22"><span class='ocrx_word' id='word_1_194' title='bbox 133 3175 395 3259; x_wconf 67' lang='lat' dir='ltr'><strong>demptionem,</strong></span> <span class='ocrx_word' id='word_1_195' title='bbox 419 3174 473 3240; x_wconf 87' lang='lat' dir='ltr'><strong>sed</strong></span> <span class='ocrx_word' id='word_1_196' title='bbox 490 3174 598 3239; x_wconf 83' lang='lat' dir='ltr'><strong>decimi</strong></span> <span class='ocrx_word' id='word_1_197' title='bbox 613 3176 742 3240; x_wconf 88' lang='lat' dir='ltr'><strong>initium.</strong></span> <span class='ocrx_word' id='word_1_198' title='bbox 777 3172 866 3257; x_wconf 78' lang='lat' dir='ltr'><strong>Quod</strong></span> <span class='ocrx_word' id='word_1_199' title='bbox 889 3175 915 3239; x_wconf 89' lang='lat' dir='ltr'><strong>si</strong></span> <span class='ocrx_word' id='word_1_200' title='bbox 939 3176 1062 3238; x_wconf 87' lang='lat' dir='ltr'><strong>omnino</strong></span> <span class='ocrx_word' id='word_1_201' title='bbox 1085 3176 1151 3238; x_wconf 89' lang='lat' dir='ltr'><strong>imi·</strong></span> 
     </span>
     <span class='ocr_line' id='line_1_25' title="bbox 133 3274 1151 3361; baseline 0.003 -22"><span class='ocrx_word' id='word_1_202' title='bbox 133 3285 204 3340; x_wconf 84' lang='lat' dir='ltr'><strong>tatus</strong></span> <span class='ocrx_word' id='word_1_203' title='bbox 227 3285 279 3341; x_wconf 84' lang='lat' dir='ltr'><strong>est</strong></span> <span class='ocrx_word' id='word_1_204' title='bbox 299 3274 446 3355; x_wconf 82' lang='lat' dir='ltr'><strong>Persius,</strong></span> <span class='ocrx_word' id='word_1_205' title='bbox 475 3277 649 3361; x_wconf 87' lang='lat' dir='ltr'><strong>quaeritur,</strong></span> <span class='ocrx_word' id='word_1_206' title='bbox 680 3299 750 3341; x_wconf 89' lang='lat' dir='ltr'><strong>unm</strong></span> <span class='ocrx_word' id='word_1_207' title='bbox 774 3280 905 3343; x_wconf 80' lang='lat' dir='ltr'><strong>loclesse</strong></span> <span class='ocrx_word' id='word_1_208' title='bbox 935 3277 966 3341; x_wconf 94' lang='lat' dir='ltr'><strong>id</strong></span> <span class='ocrx_word' id='word_1_209' title='bbox 993 3298 1151 3361; x_wconf 85' lang='lat' dir='ltr'><strong>quoquea</strong></span> 
     </span>
     <span class='ocr_line' id='line_1_26' title="bbox 134 3375 1150 3465; baseline 0.003 -25"><span class='ocrx_word' id='word_1_210' title='bbox 134 3375 246 3444; x_wconf 87' lang='lat' dir='ltr'><strong>Lucilio</strong></span> <span class='ocrx_word' id='word_1_211' title='bbox 269 3380 432 3456; x_wconf 80' lang='lat' dir='ltr'><strong>sumserit,</strong></span> <span class='ocrx_word' id='word_1_212' title='bbox 458 3381 537 3462; x_wconf 89' lang='lat' dir='ltr'><strong>quod</strong></span> <span class='ocrx_word' id='word_1_213' title='bbox 562 3379 718 3465; x_wconf 80' lang='lat' dir='ltr'><strong>prologum</strong></span> <span class='ocrx_word' id='word_1_214' title='bbox 748 3379 923 3444; x_wconf 84' lang='lat' dir='ltr'><strong>cheliumbis</strong></span> <span class='ocrx_word' id='word_1_215' title='bbox 954 3380 1150 3464; x_wconf 90' lang='lat' dir='ltr'><strong>compositum</strong></span> 
     </span>
     <span class='ocr_line' id='line_1_27' title="bbox 135 3480 1151 3567; baseline 0.002 -25"><span class='ocrx_word' id='word_1_216' title='bbox 135 3481 239 3545; x_wconf 83' lang='lat' dir='ltr'><strong>satirae</strong></span> <span class='ocrx_word' id='word_1_217' title='bbox 263 3482 401 3546; x_wconf 83' lang='lat' dir='ltr'><strong>versibus</strong></span> <span class='ocrx_word' id='word_1_218' title='bbox 427 3480 612 3547; x_wconf 80' lang='lat' dir='ltr'><strong>hexametris</strong></span> <span class='ocrx_word' id='word_1_219' title='bbox 639 3482 770 3567; x_wconf 82' lang='lat' dir='ltr'><strong>scriptae</strong></span> <span class='ocrx_word' id='word_1_220' title='bbox 802 3483 974 3567; x_wconf 91' lang='lat' dir='ltr'><strong>proposuit,</strong></span> <span class='ocrx_word' id='word_1_221' title='bbox 1006 3480 1083 3565; x_wconf 92' lang='lat' dir='ltr'><strong>quod</strong></span> <span class='ocrx_word' id='word_1_222' title='bbox 1113 3481 1151 3544; x_wconf 91' lang='lat' dir='ltr'><strong>ab</strong></span> 
     </span>
     <span class='ocr_line' id='line_1_28' title="bbox 136 3584 1153 3669; baseline -0.001 -22"><span class='ocrx_word' id='word_1_223' title='bbox 136 3605 185 3647; x_wconf 87' lang='lat' dir='ltr'><strong>usu</strong></span> <span class='ocrx_word' id='word_1_224' title='bbox 198 3584 439 3667; x_wconf 79' lang='lat' dir='ltr'><strong>praelationum,</strong></span> <span class='ocrx_word' id='word_1_225' title='bbox 463 3604 537 3666; x_wconf 87' lang='lat' dir='ltr'><strong>ques</strong></span> <span class='ocrx_word' id='word_1_226' title='bbox 559 3584 693 3666; x_wconf 77' lang='lat' dir='ltr'><strong>pedestri</strong></span> <span class='ocrx_word' id='word_1_227' title='bbox 708 3605 849 3648; x_wconf 85' lang='lat' dir='ltr'><strong>sermone</strong></span> <span class='ocrx_word' id='word_1_228' title='bbox 866 3584 1049 3648; x_wconf 82' lang='lat' dir='ltr'><strong>carminibus</strong></span> <span class='ocrx_word' id='word_1_229' title='bbox 1064 3602 1153 3669; x_wconf 88' lang='lat' dir='ltr'><strong>prae-</strong></span> 
     </span>
     <span class='ocr_line' id='line_1_29' title="bbox 137 3682 1151 3770; baseline 0 -24"><span class='ocrx_word' id='word_1_230' title='bbox 137 3685 234 3751; x_wconf 76' lang='lat' dir='ltr'><strong>missas</strong></span> <span class='ocrx_word' id='word_1_231' title='bbox 250 3706 269 3750; x_wconf 83' lang='lat' dir='ltr'><strong>a</strong></span> <span class='ocrx_word' id='word_1_232' title='bbox 284 3682 437 3762; x_wconf 83' lang='lat' dir='ltr'><strong>Martiali,</strong></span> <span class='ocrx_word' id='word_1_233' title='bbox 462 3682 562 3749; x_wconf 87' lang='lat' dir='ltr'><strong>Statio</strong></span> <span class='ocrx_word' id='word_1_234' title='bbox 578 3685 644 3749; x_wconf 91' lang='lat' dir='ltr'><strong>aliis</strong></span> <span class='ocrx_word' id='word_1_235' title='bbox 660 3686 806 3770; x_wconf 79' lang='lat' dir='ltr'><strong>legimus,</strong></span> <span class='ocrx_word' id='word_1_236' title='bbox 830 3696 861 3749; x_wconf 92' lang='lat' dir='ltr'><strong>et</strong></span> <span class='ocrx_word' id='word_1_237' title='bbox 882 3706 900 3748; x_wconf 84' lang='lat' dir='ltr'><strong>u</strong></span> <span class='ocrx_word' id='word_1_238' title='bbox 923 3684 1041 3750; x_wconf 83' lang='lat' dir='ltr'><strong>Seneca</strong></span> <span class='ocrx_word' id='word_1_239' title='bbox 1063 3696 1151 3767; x_wconf 82' lang='lat' dir='ltr'><strong>atque</strong></span> 
     </span>
     <span class='ocr_line' id='line_1_30' title="bbox 138 3783 1151 3871; baseline 0.001 -21"><span class='ocrx_word' id='word_1_240' title='bbox 138 3784 270 3852; x_wconf 73' lang='lat' dir='ltr'><strong>Thrasea</strong></span> <span class='ocrx_word' id='word_1_241' title='bbox 290 3787 418 3871; x_wconf 87' lang='lat' dir='ltr'><strong>scriptas</strong></span> <span class='ocrx_word' id='word_1_242' title='bbox 439 3808 509 3852; x_wconf 91' lang='lat' dir='ltr'><strong>esse</strong></span> <span class='ocrx_word' id='word_1_243' title='bbox 531 3787 696 3852; x_wconf 84' lang='lat' dir='ltr'><strong>verisimile</strong></span> <span class='ocrx_word' id='word_1_244' title='bbox 712 3797 760 3853; x_wconf 90' lang='lat' dir='ltr'><strong>est</strong></span> <span class='ocrx_word' id='word_1_245' title='bbox 780 3784 905 3869; x_wconf 79' lang='lat' dir='ltr'><strong>(Quint.</strong></span> <span class='ocrx_word' id='word_1_246' title='bbox 923 3783 1011 3864; x_wconf 88' lang='lat' dir='ltr'><strong>Vlll,</strong></span> <span class='ocrx_word' id='word_1_247' title='bbox 1029 3785 1062 3866; x_wconf 88' lang='grc'><strong>3,</strong></span> <span class='ocrx_word' id='word_1_248' title='bbox 1079 3785 1151 3868; x_wconf 85' lang='grc'>31),</span> 
     </span>
     <span class='ocr_line' id='line_1_31' title="bbox 138 3885 1152 3972; baseline -0.001 -20"><span class='ocrx_word' id='word_1_249' title='bbox 138 3889 318 3972; x_wconf 81' lang='lat' dir='ltr'><strong>diquateuus</strong></span> <span class='ocrx_word' id='word_1_250' title='bbox 340 3899 442 3953; x_wconf 85' lang='lat' dir='ltr'><strong>temen</strong></span> <span class='ocrx_word' id='word_1_251' title='bbox 465 3889 594 3953; x_wconf 85' lang='lat' dir='ltr'><strong>recedit.</strong></span> <span class='ocrx_word' id='word_1_252' title='bbox 632 3885 697 3952; x_wconf 89' lang='lat' dir='ltr'><strong>lam</strong></span> <span class='ocrx_word' id='word_1_253' title='bbox 727 3890 887 3953; x_wconf 87' lang='lat' dir='ltr'><strong>considera</strong></span> <span class='ocrx_word' id='word_1_254' title='bbox 916 3888 987 3953; x_wconf 86' lang='lat' dir='ltr'><strong>mihi</strong></span> <span class='ocrx_word' id='word_1_255' title='bbox 1012 3887 1152 3953; x_wconf 85' lang='lat' dir='ltr'><strong>Petronii</strong></span> 
     </span>
     <span class='ocr_line' id='line_1_32' title="bbox 138 3990 1152 4077; baseline -0.001 -24"><span class='ocrx_word' id='word_1_256' title='bbox 138 3992 225 4056; x_wconf 87' lang='lat' dir='ltr'><strong>locum</strong></span> <span class='ocrx_word' id='word_1_257' title='bbox 241 3997 319 4073; x_wconf 85' lang='lat' dir='ltr'><strong>(sat.</strong></span> <span class='ocrx_word' id='word_1_258' title='bbox 336 3990 356 4053; x_wconf 78' lang='lat' dir='ltr'><strong>d</strong></span> <span class='ocrx_word' id='word_1_259' title='bbox 372 3993 454 4076; x_wconf 90' lang='lat' dir='ltr'><strong>sq.),</strong></span> <span class='ocrx_word' id='word_1_260' title='bbox 478 3990 528 4055; x_wconf 87' lang='lat' dir='ltr'><strong>ubi</strong></span> <span class='ocrx_word' id='word_1_261' title='bbox 544 3992 754 4077; x_wconf 81' lang='lat' dir='ltr'><strong>Agamemno,</strong></span> <span class='ocrx_word' id='word_1_262' title='bbox 777 4001 934 4076; x_wconf 83' lang='lat' dir='ltr'><strong>postquam</strong></span> <span class='ocrx_word' id='word_1_263' title='bbox 952 3990 989 4053; x_wconf 93' lang='lat' dir='ltr'><strong>de</strong></span> <span class='ocrx_word' id='word_1_264' title='bbox 1005 4011 1152 4076; x_wconf 85' lang='lat' dir='ltr'><strong>perverso</strong></span> 
     </span>
     <span class='ocr_line' id='line_1_33' title="bbox 138 4092 1150 4177; baseline -0.001 -22"><span class='ocrx_word' id='word_1_265' title='bbox 138 4103 283 4173; x_wconf 84' lang='lat' dir='ltr'><strong>parentum</strong></span> <span class='ocrx_word' id='word_1_266' title='bbox 299 4104 390 4177; x_wconf 83' lang='lat' dir='ltr'><strong>atque</strong></span> <span class='ocrx_word' id='word_1_267' title='bbox 405 4093 617 4176; x_wconf 81' lang='lat' dir='ltr'><strong>magistrorum</strong></span> <span class='ocrx_word' id='word_1_268' title='bbox 633 4093 733 4157; x_wconf 89' lang='lat' dir='ltr'><strong>studio</strong></span> <span class='ocrx_word' id='word_1_269' title='bbox 751 4093 783 4155; x_wconf 89' lang='lat' dir='ltr'><strong>iu</strong></span> <span class='ocrx_word' id='word_1_270' title='bbox 799 4092 973 4157; x_wconf 89' lang='lat' dir='ltr'><strong>erudiendis</strong></span> <span class='ocrx_word' id='word_1_271' title='bbox 989 4114 1150 4177; x_wconf 89' lang='lat' dir='ltr'><strong>puerorum</strong></span> 
     </span>
     <span class='ocr_line' id='line_1_34' title="bbox 140 4191 1154 4279; baseline -0.003 -23"><span class='ocrx_word' id='word_1_272' title='bbox 140 4194 257 4279; x_wconf 78' lang='lat' dir='ltr'><strong>ingeniis</strong></span> <span class='ocrx_word' id='word_1_273' title='bbox 278 4196 374 4272; x_wconf 80' lang='lat' dir='ltr'><strong>dixit,</strong></span> <span class='ocrx_word' id='word_1_274' title='bbox 407 4194 483 4260; x_wconf 88' lang='lat' dir='ltr'><strong>haec</strong></span> <span class='ocrx_word' id='word_1_275' title='bbox 505 4194 603 4259; x_wconf 83' lang='lat' dir='ltr'><strong>addit:</strong></span> <span class='ocrx_word' id='word_1_276' title='bbox 633 4193 697 4258; x_wconf 86' lang='lat' dir='ltr'><strong>Sed</strong></span> <span class='ocrx_word' id='word_1_277' title='bbox 717 4216 756 4258; x_wconf 87' lang='lat' dir='ltr'><strong>ne</strong></span> <span class='ocrx_word' id='word_1_278' title='bbox 777 4215 825 4256; x_wconf 85' lang='lat' dir='ltr'><strong>me</strong></span> <span class='ocrx_word' id='word_1_279' title='bbox 842 4203 938 4279; x_wconf 81' lang='lat' dir='ltr'><strong>putes</strong></span> <span class='ocrx_word' id='word_1_280' title='bbox 960 4191 1154 4277; x_wconf 82' lang='lat' dir='ltr'><strong>improbasse</strong></span> 
     </span>
     <span class='ocr_line' id='line_1_35' title="bbox 141 4293 1155 4381; baseline -0.004 -24"><span class='ocrx_word' id='word_1_281' title='bbox 141 4296 281 4361; x_wconf 67' lang='lat' dir='ltr'><strong>etodium</strong></span> <span class='ocrx_word' id='word_1_282' title='bbox 303 4297 515 4363; x_wconf 82' lang='lat' dir='ltr'><strong>¹Lucidiunue</strong></span> <span class='ocrx_word' id='word_1_283' title='bbox 536 4296 763 4381; x_wconf 79' lang='lat' dir='ltr'><strong>improbitatis,</strong></span> <span class='ocrx_word' id='word_1_284' title='bbox 787 4293 874 4381; x_wconf 82' lang='lat' dir='ltr'><strong>quod</strong></span> <span class='ocrx_word' id='word_1_285' title='bbox 892 4297 1011 4366; x_wconf 83' lang='lat' dir='ltr'><strong>sentio,</strong></span> <span class='ocrx_word' id='word_1_286' title='bbox 1037 4294 1155 4376; x_wconf 81' lang='lat' dir='ltr'><strong>etipse</strong></span> 
     </span>
    </p>
   </div>
   <div class='ocr_carea' id='block_1_4' title="bbox 147 4445 1155 4521">
    <p class='ocr_par' dir='ltr' id='par_1_4' title="bbox 147 4445 1155 4521">
     <span class='ocr_line' id='line_1_36' title="bbox 147 4445 1155 4521; baseline -0.008 -20"><span class='ocrx_word' id='word_1_287' title='bbox 147 4449 204 4501; x_wconf 76' lang='lat' dir='ltr'><strong>let,</strong></span> <span class='ocrx_word' id='word_1_288' title='bbox 224 4454 299 4521; x_wconf 75' lang='lat' dir='ltr'><strong>Apul.</strong></span> <span class='ocrx_word' id='word_1_289' title='bbox 326 4455 358 4504; x_wconf 78' lang='lat' dir='ltr'><strong>ele</strong></span> <span class='ocrx_word' id='word_1_290' title='bbox 385 4453 432 4503; x_wconf 86' lang='lat' dir='ltr'><strong>deo</strong></span> <span class='ocrx_word' id='word_1_291' title='bbox 457 4452 529 4504; x_wconf 80' lang='lat' dir='ltr'><strong>Socr-</strong></span> <span class='ocrx_word' id='word_1_292' title='bbox 555 4468 577 4518; x_wconf 88' lang='lat' dir='ltr'><strong>p.</strong></span> <span class='ocrx_word' id='word_1_293' title='bbox 599 4451 648 4504; x_wconf 74' lang='lat' dir='ltr'><strong>ldd</strong></span> <span class='ocrx_word' id='word_1_294' title='bbox 667 4450 755 4502; x_wconf 75' lang='lat' dir='ltr'><strong>Eleu:</strong></span> <span class='ocrx_word' id='word_1_295' title='bbox 784 4449 835 4501; x_wconf 80' lang='lat' dir='ltr'><strong>Sed</strong></span> <span class='ocrx_word' id='word_1_296' title='bbox 861 4454 893 4500; x_wconf 80' lang='lat' dir='ltr'><strong>ut</strong></span> <span class='ocrx_word' id='word_1_297' title='bbox 917 4465 958 4500; x_wconf 85' lang='lat' dir='ltr'><strong>mc</strong></span> <span class='ocrx_word' id='word_1_298' title='bbox 977 4445 1155 4512; x_wconf 67' lang='lat' dir='ltr'><strong>umnp‘sart&#39;um</strong></span> 
     </span>
    </p>
   </div>
   <div class='ocr_carea' id='block_1_5' title="bbox 0 0 1299 5054">
    <p class='ocr_par' dir='ltr' id='par_1_5' title="bbox 0 0 1299 5054">
     <span class='ocr_line' id='line_1_37' title="bbox 0 0 1299 5054; baseline 0 0"><span class='ocrx_word' id='word_1_299' title='bbox 0 0 1299 5054; x_wconf 95' lang='lat' dir='ltr'><strong> </strong></span> 
     </span>
    </p>
   </div>
  </div>
 </body>
</html>
