2574 5054
127 793 245 838 ccxvii·
446 745 816 832 nnotssousmt.

128 945 198 1007 locu
211 950 304 1017 suot,
327 936 555 1022 uodcsucrcnt
567 939 755 1025 conqus‘seitn.
779 936 819 1000 In
832 935 875 1000 iis
888 953 968 1024 crgo
983 933 1074 1000 tuus
1088 935 1153 999 tale

116 1044 209 1129 suit,
247 1044 340 1128 quode
365 1041 418 1106 ieie
447 1039 533 1104 vides
560 1038 693 1105 Annaei
721 1038 858 1106 Gomuti
887 1039 1151 1102 commentorium.

126 1145 222 1211 Nihil
239 1147 272 1208 in
295 1142 653 1219 decernendumve,
686 1143 752 1207 neti
774 1143 807 1206 si
832 1161 913 1227 quoe
933 1141 1063 1204 oocudce
1084 1161 1153 1203 cor·

127 1257 241 1332 ruptae
261 1245 460 1310 uidebantur.
495 1243 591 1309 Ntttt
610 1245 759 1322 detrusi,
787 1240 874 1329 quod
892 1243 1062 1328 aliquando
1084 1264 1153 1307 cum

128 1359 299 1435 copertus,
322 1368 415 1433 quom
424 1348 638 1432 periculosum
651 1350 712 1421 sit,
737 1367 774 1411 eu
792 1348 898 1410 stettin
914 1355 1024 1409 contro
1037 1346 1157 1409 vetusti

129 1449 353 1535 codiccifidem
368 1452 648 1536 auctoritatemque
663 1449 769 1513 delere
786 1459 843 1512 aut
862 1458 1002 1528 mutuoc,
1024 1468 1106 1533 quoe
1120 1447 1154 1509 in

127 1555 242 1618 alieno
262 1554 394 1638 scriptis
407 1574 471 1616 non
481 1552 611 1637 prodes.
643 1551 833 1637 Optcoisectn
852 1550 973 1636 quidem
988 1560 1074 1613 certe
1094 1549 1154 1612 doc

1 1644 3 1648 ’
128 1656 379 1721 coonmcututn'um
401 1655 435 1718 in
457 1655 555 1718 lucem
577 1653 656 1718 dccc
671 1655 787 1737 purius
804 1651 1077 1738 emcndote‘usque,
1098 1650 1157 1714 ced

128 1757 174 1823 ud
193 1777 260 1820 com
281 1777 346 1819 rent
369 1757 510 1841 antiquis
532 1754 693 1818 codicibus
715 1776 794 1840 opus
806 1753 899 1838 suit.-
921 1757 979 1840 qui
995 1775 1058 1817 non
1080 1775 1155 1838 sup·

122 1857 273 1943 petebant
293 1858 354 1921 olii
362 1903 372 1931 ,
395 1877 487 1941 quum
507 1878 586 1942 quoe
608 1856 696 1920 dnci:
718 1876 817 1942 nequo
838 1855 952 1931 debui,
975 1853 1058 1920 unde
1072 1857 1155 1919 alios

127 1959 354 2044 conquirerem.
377 1957 425 2020 Et
443 1956 522 2021 ltoec
543 1960 782 2044 qualiacumque
798 1961 863 2022 sote
876 1961 923 2021 ito
937 1956 1031 2020 cdere
1044 1957 1155 2020 melius

129 2060 213 2123 duci
219 2103 230 2135 ‚
253 2079 345 2144 quom
361 2060 437 2143 poti
456 2060 634 2122 littermum
654 2058 810 2124 studiosos
830 2060 949 2123 diutius
963 2059 1057 2122 diuite
1072 2080 1155 2123 oom-

126 2161 277 2224 uenturii
303 2159 460 2224 desiderio
487 2182 522 2224 ce
549 2173 707 2247 torquere.
751 2159 913 2244 Quomodo
941 2171 1041 2226 autem
1063 2160 1152 2225 codd.

127 2263 190 2328 suis
205 2282 278 2326 usus
294 2262 352 2341 sit,
378 2282 439 2325 oon
455 2273 557 2348 putet,
575 2285 643 2328 nam
660 2285 727 2328 com
743 2285 798 2329 eos
813 2265 902 2328 valde
919 2263 1058 2326 diversos
1073 2261 1156 2326 iuter

127 2386 162 2431 so
178 2364 272 2429 inisse
289 2364 383 2441 dicat,
403 2365 513 2430 nullum
529 2376 631 2430 nmen
647 2366 804 2430 variarum.
815 2366 978 2430 lectionum
993 2364 1155 2447 vestigium

129 2477 266 2552 opponet.
295 2463 358 2530 Sed
375 2466 453 2531 tane
475 2467 682 2533 diversitatem
705 2489 767 2532 non
786 2467 963 2546 mirabitur,
987 2467 1156 2550 quicunqne

126 2567 176 2633 vei
192 2569 257 2654 ipse
273 2564 403 2633 Cornuti
419 2569 509 2633 codd.
526 2571 658 2636 versarii
672 2570 721 2634 vel
737 2590 842 2634 cocum
860 2569 1052 2647 meminerit,
1077 2590 1154 2653 qnae

126 2672 218 2735 modo
240 2670 354 2736 monui.
391 2667 524 2734 Videtur
545 2671 637 2756 igitur
657 2693 749 2736 onum
772 2672 920 2755 quendem
942 2671 1153 2756 descripsisse,

128 2772 167 2838 ab
183 2793 240 2851 eo,
263 2770 360 2855 quiin
375 2771 424 2835 ed.
442 2773 538 2854 princ.
556 2794 722 2858 expressus
744 2784 822 2852 est‚-
833 2774 964 2860 punitum
985 2772 1154 2851 diversum,

128 2893 146 2938 e
176 2874 308 2953 ceteris,
340 2875 367 2939 si
397 2874 467 2959 quid
495 2877 726 2958 praeferendum
754 2876 930 2954 videretur,
962 2875 1153 2953 correxisse,

128 2996 226 3058 nequo
248 2977 434 3042 coniecturis
459 2998 585 3063 prorsus
606 2998 641 3042 sc
662 2976 863 3057 abstinuisse,
894 2977 960 3062 ipse
982 2976 1067 3042 dicit.
1104 2975 1154 3043 De

128 3077 262 3145 secondo
285 3079 418 3143 editione
441 3100 528 3162 qoam
551 3080 723 3163 paraverit,
748 3090 779 3143 et
800 3099 877 3164 qnae
896 3080 929 3143 in
943 3098 1008 3143 enm
1025 3080 1155 3144 collecte

128 3179 268 3246 hebuerit
297 3180 449 3258 subsidio,
484 3181 579 3265 ipsum
608 3182 668 3247 iam
696 3181 865 3245 andivimus
888 3191 1085 3260 carnoten,
1117 3202 1155 3246 en

129 3292 231 3370 temen
246 3304 397 3366 nunqnam
412 3284 535 3369 prodiit.
565 3281 706 3349 Tertium
729 3282 841 3348 editum
863 3293 913 3347 est
933 3280 975 3346 L.
998 3283 1152 3348 Annaei

127 3381 300 3449 Cornuti
321 3421 366 3434 -
387 3397 645 3451 commentum
668 3406 747 3450 cum
769 3383 900 3452 veteri
922 3384 1060 3456 codice
1082 3406 1153 3450 ma·

127 3487 340 3571 adscripto
371 3485 560 3551 collatum
593 3499 633 3553 et
661 3487 796 3553 multis
816 3488 854 3552 itt
876 3486 979 3552 locis
998 3497 1152 3550 anctum

127 3598 166 3652 ct
194 3589 435 3653 emendatum
472 3611 519 3653 ex
555 3589 803 3656 bibliothece
837 3586 876 3655 C.
914 3585 958 3653 V.
991 3587 1152 3652 Ioannis

126 3689 340 3771 Musseti,
365 3688 519 3756 Consil.
543 3689 640 3779 ch.
664 3690 869 3758 Praefecti
890 3687 1150 3756 Calvimontii

127 3791 830 3879 etProptsetorisLingoncnsis‚io
847 3793 979 3859 editione
994 3790 1151 3870 Parisios,

125 3916 292 3979 quaecum
317 3895 541 3961 commentariis
565 3894 697 3961 Maccilii
721 3907 751 3961 et
772 3894 900 3961 eliorum
920 3894 998 3980 epod
1013 3890 1064 3959 Cl.
1081 3891 1153 3958 Mo·

126 3997 233 4061 sellum
249 4019 279 4061 n.
298 3996 380 4061 1601
397 4000 494 4063 torma
510 4000 653 4083 quedcnte
678 3998 808 4083 prodiit,
831 3999 911 4062 unde
927 3999 1089 4084 repetitum
1105 4009 1155 4062 est

127 4097 159 4161 in
175 4101 270 4163 altero
293 4101 425 4164 editione
449 4102 731 4165 commentariorum
756 4098 887 4165 Marcilii
909 4097 1051 4165 Lutetiae
1074 4101 1152 4183 opud

127 4196 174 4265 lo.
193 4199 276 4288 Orsy
291 4224 320 4265 e.
342 4203 422 4268 1613
440 4207 545 4271 eedem
568 4206 677 4267 torma.
715 4199 751 4266 In
776 4203 831 4266 hnc
853 4223 1017 4288 expressus
1033 4213 1082 4266 est
1096 4199 1153 4266 vi-

127 4302 190 4368 neti
207 4314 327 4384 textus,
350 4328 422 4372 roeo
446 4317 561 4371 tontum
583 4307 712 4392 paullum
736 4305 928 4383 immutatus,
956 4306 1012 4370 sed
1034 4305 1152 4369 inserte

127 4418 198 4470 sctit
214 4409 357 4491 quaedam
380 4429 396 4473 e
419 4411 488 4474 cod.
511 4408 657 4476 Roossnti
679 4419 796 4494 sumpte
817 4408 1042 4486 additamenta,
1064 4409 1152 4472 oncis
