2574 5054
483 786 566 848 stt.
582 789 605 860 Ι,
620 793 662 852 28
679 821 717 833 -
735 792 785 852 39.
1101 784 1144 851 85

127 979 231 1021 versus
246 960 328 1019 allant
342 959 443 1031 solsol,
459 956 585 1019 eonierri
600 968 695 1037 potest
710 959 795 1017 etiam
810 956 964 1018 illulCalvi
981 956 1065 1037 (apul
1075 958 1144 1020 Seu.

129 1064 176 1125 ep.
191 1043 295 1116 XCIV,
320 1049 361 1107 25
377 1065 405 1124 p.
421 1048 461 1107 13
479 1043 573 1103 Saluis.
598 1043 692 1116 Quint
709 1042 757 1115 Vl,
775 1048 803 1114 1,
821 1047 889 1116 tat:
911 1046 1032 1104 Factum
1054 1044 1144 1104 ambi-

129 1140 191 1190 tum
213 1132 297 1189 saitis
312 1149 420 1202 omnes,
436 1140 467 1188 et
482 1130 536 1189 hoe
550 1148 600 1189 vos
611 1129 690 1187 ser're
704 1147 801 1187 ammes
814 1131 921 1188 seiani.
945 1128 988 1188 lle
1003 1131 1145 1189 sententia

128 1236 160 1276 n.
181 1216 201 1274 l.
225 1213 361 1296 quaedam
384 1213 508 1294 disputat
530 1213 658 1272 Boissoo.
686 1211 721 1272 asl
747 1213 877 1292 Theogo.
901 1218 974 1276 772.
1001 1213 1146 1274 Neronem

128 1310 228 1360 namot
243 1299 394 1360 Suetonius
416 1299 498 1373 (Ner.
518 1302 572 1370 20)
595 1300 670 1357 inter
692 1299 845 1360 familiares
868 1297 984 1358 subinde
1006 1298 1145 1359 Graecum

130 1385 310 1465 proverbium
325 1387 467 1456 iactasse,
487 1385 616 1444 occultae
632 1383 757 1445 musione
772 1385 876 1444 nullum
891 1403 957 1445 assa
973 1394 1145 1463 respectum,

131 1469 206 1551 qaod
221 1473 262 1529 ita
276 1469 360 1531 affert
373 1470 515 1530 Lucienus
531 1468 675 1542 (llamoo.
686 1474 734 1541 l)s
748 1464 838 1529 οὐδὲν
852 1464 960 1546 ὄφελος
972 1465 1145 1552 ἀποῤῥήτου

131 1554 185 1615 usal
199 1549 336 1632 ἀφανοῦς
348 1555 401 1628 τῆς
412 1553 581 1632 μουσικῆς,
604 1555 642 1613 el.
660 1552 731 1613 Gell.
746 1553 784 1614 N.
800 1553 836 1613 Α.
849 1553 924 1626 XIII,
940 1558 991 1624 30,
1007 1558 1038 1616 3.

217 1661 245 1699 v.
259 1643 396 1702 28-36.
423 1640 524 1717 Dr'gito
543 1640 707 1698 monstrari
726 1639 839 1717 vulgata
861 1639 965 1699 locutio
981 1637 1016 1699 le
1031 1641 1078 1712 iis,
1099 1640 1147 1720 qai

130 1744 261 1805 nepam
275 1725 321 1785 vel
335 1721 409 1804 apual
424 1723 554 1803 populum
570 1724 671 1783 lamam
694 1725 769 1784 nauti
784 1734 858 1797 sunt,
873 1724 1048 1803 praeolarsm
1063 1744 1147 1804 prae·

131 1813 240 1881 aarum,
260 1810 299 1870 ol.
315 1808 385 1869 llor.
411 1829 499 1869 earm.
516 1808 566 1880 lV,
582 1812 612 1881 3,
627 1811 678 1871 22.
693 1809 778 1869 Mart.
796 1808 847 1885 Vl,
869 1812 921 1881 82,
937 1811 966 1870 3.
981 1807 1032 1882 ΙΧ,
1047 1814 1145 1881 97,1.

129 1894 203 1955 Plin.
219 1895 269 1964 ΙΧ,
285 1899 337 1966 23,
352 1900 382 1956 1.
405 1894 475 1955 Tae.
491 1892 557 1953 dial.
574 1900 606 1956 7.
624 1893 743 1954 Graecis
750 1891 929 1953 antemnam
940 1895 983 1972 τῷ
995 1891 1144 1973 δακτύλῳ,

131 2001 159 2041 v.
176 1979 294 2040 Lasion.
305 1978 399 2040 Samo.
417 1985 467 2042 11.
481 1977 594 2038 Aureli.
612 1982 664 2042 36.
680 1980 812 2038 Harmoo.
831 1984 858 2041 1.
876 1979 981 2039 Herod.
999 1985 1034 2053 l3
1052 1998 1149 2061 quani-

131 2085 215 2146 qasm
230 2067 315 2125 etiam
331 2063 366 2124 le
389 2067 423 2124 iis
445 2063 565 2136 dieitur,
587 2084 703 2144 qaorum
729 2065 802 2124 mala
833 2074 878 2123 est
893 2065 984 2134 fama,
1007 2066 1047 2125 el.
1065 2063 1145 2125 ovid.

130 2152 199 2211 Ani.
215 2149 265 2222 Ill,
282 2156 311 2221 1,
329 2154 378 2214 19.
396 2154 424 2221 6,
441 2155 492 2212 77.
506 2147 629 2209 Additur
643 2150 806 2230 pleramque
828 2149 892 2209 huis
914 2150 1009 2227 gestui
1029 2151 1076 2210 tm
1091 2160 1147 2221 est,

134 2227 360 2308 uiuacissimo,
377 2237 417 2294 ei.
432 2235 493 2296 luv.
509 2233 533 2305 1,
550 2238 621 2296 161.
636 2234 720 2294 Mart.
736 2235 773 2306 V,
790 2238 839 2306 13,
856 2238 885 2297 3.
901 2234 1148 2295 Narratiuosulam

130 2319 169 2380 le
187 2319 389 2392 Demosthene,
405 2319 484 2380 euius
501 2323 624 2380 meminit
639 2320 739 2390 schot,
755 2320 846 2379 refert
868 2322 951 2379 etiam
967 2320 1027 2379 Cir.
1043 2319 1148 2380 Tusce.

129 2404 169 2478 V¹
185 2408 237 2477 36,
254 2409 323 2468 163.
333 2405 405 2465 Plin.
422 2425 487 2485 epp.
505 2404 556 2476 ΙΧ,
571 2410 623 2478 23,
639 2410 668 2467 o.
684 2405 795 2465 Aeliam.
822 2404 858 2464 V.
874 2405 908 2464 ll.
924 2405 974 2477 ΙΧ,
991 2411 1030 2467 17
1052 2405 1148 2485 (Diog.

130 2489 232 2551 Laert.
240 2489 290 2559 Vl,
305 2496 336 2562 2,
352 2495 384 2563 6,
401 2495 443 2553 34
457 2491 511 2550 luuo
527 2511 581 2549 noa
598 2492 742 2570 pertinet).
758 2491 858 2550 De'er'er
874 2491 987 2570 antiqua
1003 2493 1103 2564 forms,
1119 2502 1150 2551 ut

122 2574 235 2655 sallr'er
249 2575 296 2646 ΙΙΙ,
313 2579 363 2638 56.
380 2610 419 2620 -
434 2576 464 2635 la
481 2574 552 2635 ludis
574 2577 718 2636 litterariis
734 2577 870 2654 magister
891 2578 986 2655 pueris
1002 2587 1148 2655 poetarum

131 2662 222 2733 loeas,
238 2680 308 2741 quos
329 2662 515 2733 enarrabant,
537 2662 651 2720 dictare
664 2661 793 2720 solebant
816 2668 853 2734 (ν.
876 2661 1035 2733 wantiam,
1060 2672 1148 2741 pontt.

132 2747 195 2806 latt.
212 2746 274 2805 rell.
292 2766 318 2824 p.
335 2750 399 2818 25).
430 2746 539 2805 Pueros
561 2757 644 2805 voest
658 2749 799 2817 cirratas,
823 2748 887 2825 quia
902 2747 1020 2825 capillos
1036 2747 1150 2806 alebant

132 2833 214 2911 paeri
236 2851 326 2910 usqae
349 2830 384 2891 ad
405 2832 561 2910 pubertatis
576 2851 694 2901 annum,
716 2842 746 2891 et
768 2832 891 2890 sortasse
913 2832 941 2889 ln.
955 2853 982 2890 ν.
999 2830 1148 2891 delicatum

132 2935 232 2977 romam
255 2928 383 2976 ornatum
407 2918 486 2976 simol
502 2918 618 2976 notavit.
651 2914 719 2975 lude
742 2914 815 2994 apud
831 2916 955 2977 Martial.
973 2917 1023 2988 tx,
1039 2921 1094 2988 29,
1111 2924 1131 2980 7
1140 2941 1148 2976 s

133 3003 259 3062 matutini
275 3003 389 3060 cirrata
405 3003 493 3061 rurba
507 3003 654 3080 magistri,
671 3011 701 3060 et
715 3001 801 3059 llart.
820 3001 888 3080 Cap.
904 3002 940 3060 lll
956 3022 982 3080 p.
1000 3006 1039 3064 93
1050 3001 1149 3062 Grot.:

134 3089 209 3147 sieut
223 3088 300 3146 inter
320 3089 448 3146 cirratas
464 3085 553 3146 audis,
571 3087 615 3145 (ll.
642 3087 805 3165 Hieronym.
829 3089 902 3164 apol·
926 3085 991 3147 adv.
1017 3086 1106 3147 llalia.
1138 3085 1150 3147 Ι

133 3172 221 3241 th‚
238 3177 253 3233 1
271 3191 299 3249 p.
323 3175 384 3234 369
402 3171 493 3232 Bam:
516 3175 695 3231 cirratorum
718 3172 806 3230 turba
819 3171 992 3230 Milesiorum
1009 3174 1035 3232 io
1052 3172 1151 3232 schola

134 3259 267 3336 ligmeats
291 3255 441 3328 decantet,
471 3259 519 3335 qai
540 3268 665 3316 nostrum
691 3257 781 3316 locum
806 3257 877 3315 alias
900 3266 1001 3335 aperte
1024 3259 1153 3337 respexit

136 3349 194 3421 (ep.
211 3341 247 3402 Ll
270 3342 397 3420 [xxxlt]
421 3354 441 3401 t.
457 3342 506 3413 tV,
530 3346 550 3405 2
571 3363 598 3421 p·
621 3346 684 3405 246
707 3342 803 3413 Bon.):
836 3342 873 3400 Et
895 3344 921 3400 iu
946 3353 1049 3401 tantam
1074 3343 1153 3402 venit

135 3429 295 3506 opinionem
312 3428 500 3506 eloquentiae,
516 3439 546 3487 ut
560 3428 672 3488 soleant
686 3425 759 3485 licta
775 3427 836 3485 eius
852 3428 1031 3487 cirratorum
1044 3429 1153 3488 dr'etata

136 3531 216 3572 esse.
241 3512 332 3571 Etiam
348 3515 375 3570 io
392 3515 500 3591 pistura
515 3512 703 3591 Pompeiana,
726 3531 798 3591 quae
815 3510 905 3570 lulum
921 3513 1089 3574 litterariam
1106 3533 1153 3573 re·

134 3609 318 3678 praesentat,
348 3599 503 3676 promissos
526 3618 675 3677 puerorum
702 3599 819 3676 capillos
840 3597 1066 3659 animadvertere
1087 3600 1154 3659 lieet

136 3690 177 3755 (v.
193 3682 260 3742 Pitt.
283 3682 380 3741 d'Ene.
402 3683 450 3752 ΙΠ,
473 3689 524 3744 41.
539 3684 630 3752 lario,
652 3681 736 3760 gulde
759 3680 810 3741 ales
834 3685 923 3762 point.
955 3704 1017 3742 ane.
1042 3705 1068 3742 a.
1091 3690 1153 3746 716

135 3768 194 3827 tab.
212 3771 253 3842 6).
282 3767 327 3826 Ad
351 3771 518 3828 sententiam
539 3770 577 3827 ol.
594 3768 655 3827 Cia.
671 3765 706 3825 ad
723 3768 758 3839 Q.
774 3768 810 3826 lr.
834 3768 881 3839 lli,
899 3774 927 3839 1,
943 3774 980 3830 4:
1018 3770 1110 3828 Meam
1125 3771 1153 3828 in

135 3854 211 3912 illum
233 3855 413 3924 (orationem)
434 3857 526 3931 paeri
551 3873 650 3913 ornnes
672 3863 811 3931 tanquam
839 3854 949 3913 di'etata
967 3857 1152 3933 perdiscant.

136 3937 219 4012 Quod
233 3936 269 3996 ad
290 3939 379 3997 verba
394 3949 422 3997 te
438 3941 547 3999 du'staia
561 3937 680 4016 saraae,
697 3938 827 3997 similiter
841 3937 911 3997 (lixit
925 3939 1021 3998 lovea.
1038 3940 1075 4008 Χ,
1094 3944 1154 4002 166

135 4043 179 4102 sq.
203 4041 305 4083 saevas
328 4043 412 4083 curse
437 4044 488 4102 per
510 4024 615 4103 Alpes,
644 4034 676 4083 ut
703 4024 800 4102 pueris
822 4025 936 4103 placeas
960 4035 989 4083 et
1012 4027 1155 4084 declam-

135 4110 176 4168 tio
185 4109 260 4187 fias.

220 4215 248 4254 v.
265 4197 403 4255 stt-aa.
429 4194 517 4252 llloris
540 4203 612 4265 erat,
627 4196 702 4253 inter
723 4213 840 4253 coenam
856 4213 908 4272 per
923 4194 1069 4267 lectorem,
1085 4191 1157 4254 ἀνα-

134 4274 280 4356 ponimur,
306 4281 429 4338 carmina
452 4278 486 4338 ad
515 4279 731 4338 oblectationem
755 4280 935 4338 convivarum
966 4282 1081 4340 recitari
1105 4283 1155 4351 (cl.

137 4364 218 4423 Suet.
234 4365 311 4441 Aug.
328 4369 380 4426 78.
406 4364 476 4422 Plio.
501 4385 564 4442 epp.
589 4364 611 4434 Ι,
637 4370 685 4426 15.
702 4364 748 4434 ΙΙΙ,
772 4371 800 4426 5.
818 4364 890 4434 Vlll,
916 4369 942 4426 1.
960 4365 1009 4435 ΙΧ,
1028 4372 1076 4428 17.
1093 4367 1153 4425 luv.

134 4448 186 4520 ΙΙΙ,
205 4454 299 4525 177),
316 4461 346 4510 et
360 4449 396 4510 sle
412 4452 446 4509 iis
462 4448 876 4529 variaslispatationeshaberi
892 4449 1023 4527 (Patron.
1042 4457 1091 4514 55.
1102 4455 1155 4513 59.
