2574 5054
435 785 808 854 Pnottcottttrtn.
1012 812 1128 857 ccxxxi

98 954 228 1020 Revera
248 964 411 1038 utrumque
430 954 567 1046 codicerp
587 977 630 1022 ex
644 958 752 1024 eodem
768 957 846 1024 libro
861 958 1042 1042 descriptum
1058 978 1128 1026 esse

98 1067 243 1142 apertum
264 1065 315 1122 eet
336 1075 380 1120 ex
399 1056 477 1121 miro
498 1057 653 1143 utriusque
674 1081 848 1138 consenso,
871 1060 921 1143 qui
944 1070 1046 1126 tantus
1067 1073 1128 1142 est,

99 1167 247 1241 quam
268 1155 301 1220 iu
322 1157 438 1222 duoles
459 1158 549 1223 codd.
573 1172 756 1246 exspectare
777 1163 888 1244 possis.
927 1158 1044 1225 Contra
1067 1183 1129 1226 non

100 1277 172 1322 esse
200 1258 330 1323 alterum
359 1281 403 1326 ex
429 1261 528 1325 altero
557 1262 740 1347 descripturo
766 1261 961 1328 diversitates
984 1265 1130 1347 waedauu

100 1370 297 1438 monstrant,
320 1361 426 1446 quidus
447 1361 612 1448 prodatur,
641 1363 771 1427 diversis
793 1362 870 1428 lucis
892 1365 1070 1430 alterutrum
1095 1365 1130 1428 li·

100 1460 238 1527 beurim
259 1462 371 1529 codicis
392 1464 547 1550 archetypi
575 1467 682 1529 doctus
710 1465 817 1529 melios
846 1465 1047 1531 intellexisse.
1083 1463 1131 1529 ltu

101 1565 184 1627 enim
198 1583 252 1628 res
266 1584 301 1628 se
316 1564 417 1630 labet.
443 1563 559 1648 Quodsi
574 1565 604 1630 lui
619 1565 728 1642 codd,
752 1566 803 1649 qui
825 1567 976 1653 corruptis
997 1578 1029 1630 et
1049 1568 1130 1651 iusu-

101 1666 150 1730 uis
170 1665 354 1730 lectionibus
375 1677 515 1746 scatent,
538 1666 668 1732 fideliter
688 1667 761 1732 illud
783 1669 939 1750 exemplar
952 1690 971 1731 a
986 1665 1036 1730 Fl.
1053 1665 1130 1731 lulio

102 1777 275 1831 correctum
304 1779 593 1853 repraesentarent,
622 1768 751 1854 pessime
779 1769 823 1832 illi
852 1769 920 1834 viro
950 1770 1131 1833 emendandi

101 1887 227 1953 operare
244 1869 376 1935 cauisse
391 1871 555 1954 putandum
571 1880 672 1948 esset,
694 1890 801 1935 verum
820 1870 992 1936 accuratius
1007 1889 1042 1934 re
1058 1892 1131 1935 cou-

101 1969 259 2048 siderata,
274 1981 418 2055 apparet,
436 1970 575 2036 librarios
591 1971 748 2055 imperitos
763 1981 795 2036 et
810 1973 1001 2056 negligentes
1018 1971 1131 2038 codicis

100 2070 183 2135 illius
197 2070 325 2149 duetus,
342 2071 420 2136 ltaud
435 2073 546 2157 optime
561 2083 595 2136 ut
609 2073 732 2138 videtur
742 2074 900 2156 legendos,
918 2096 980 2138 uon
996 2095 1065 2139 esse
1081 2094 1130 2137 as·

100 2183 239 2251 motos,
255 2172 375 2239 etvitiis
390 2173 795 2261 contaminasseapogrupha
810 2196 877 2255 sua,
893 2195 997 2240 verum
1013 2176 1131 2238 mendis

102 2295 210 2340 eurum
231 2273 315 2339 iuter
333 2295 368 2340 se
391 2276 589 2360 rumperetis,
613 2277 681 2362 quid
697 2277 729 2340 iu
745 2276 852 2340 codice
866 2276 1010 2361 scriptum
1027 2277 1131 2353 luerit,

103 2375 235 2459 intelligi
259 2396 361 2459 posse.
391 2374 489 2459 Quam
512 2398 576 2442 rem
592 2399 648 2462 per
662 2377 781 2460 singula
797 2387 1008 2442 tractarenon
1024 2387 1072 2441 est
1085 2377 1132 2440 in·

102 2480 178 2545 utile
193 2479 305 2543 rhum.
328 2475 444 2541 Moneo
460 2490 579 2556 antem,
602 2479 634 2543 iu
653 2477 849 2544 annotatione
866 2477 972 2543 critica
987 2480 1132 2563 quaedam

101 2580 171 2646 eod.
194 2580 267 2666 ΜΡ.
290 2581 438 2645 lectiones
461 2582 693 2666 praetermissus
715 2602 806 2659 esse,
831 2582 868 2644 ad
892 2580 983 2644 crisin
999 2578 1073 2643 nihil
1089 2581 1133 2644 la·

102 2685 246 2760 cientes,
269 2702 344 2766 quas
365 2682 404 2746 ad
424 2681 502 2747 lanc
518 2684 724 2765 quaestionem
747 2683 836 2747 utiles
860 2681 907 2746 hie
928 2682 1038 2759 retuli,
1072 2692 1132 2746 tom

103 2785 225 2850 collatis
246 2784 317 2850 cod.
335 2782 422 2847 Rom.
439 2783 620 2848 lectionibus
640 2806 688 2848 me
714 2784 925 2860 intellexisse,
943 2783 1087 2867 quaedam
1103 2783 1134 2846 iu

102 2885 246 2951 Diibueri
267 2885 431 2950 collatione
453 2907 473 2949 a
494 2907 543 2952 une
565 2908 627 2951 nuo
650 2897 736 2951 recte
764 2896 892 2970 accepta
919 2885 1033 2962 fuisse,
1057 2906 1133 2967 quae

105 2990 155 3054 lic
172 2987 311 3052 correxi.

190 3087 326 3155 Primum
348 3088 486 3155 inviter
510 3099 647 3168 annoto,
683 3100 841 3174 utrumque
871 3111 992 3174 semper
1021 3089 1134 3154 habere

103 3192 276 3258 accusatis.
292 3191 368 3255 iue‘r
388 3192 550 3275 scriptum,
574 3214 637 3256 uon
659 3213 703 3255 es.
741 3192 792 3255 Ad
815 3193 968 3275 antiquam
985 3190 1136 3256 scribendi

106 3297 260 3360 rationem
282 3293 495 3369 referendum,
519 3293 598 3376 quod
621 3292 713 3356 Rom.
739 3294 865 3356 cludere
886 3290 928 3372 (l,
944 3293 1020 3373 93),
1051 3293 1136 3356 clueo

106 3396 164 3476 (V,
185 3396 259 3481 11),
283 3403 434 3480 temptare
455 3390 515 3478 (ll,
530 3394 585 3458 21.
610 3390 667 3470 tlt,
687 3393 777 3481 110.)
802 3405 835 3458 ut
850 3396 881 3458 iu
896 3394 1057 3479 subscript.
1076 3404 1135 3470 est,

105 3499 262 3586 negleget
282 3494 356 3582 (vl,
370 3493 448 3578 81),
478 3507 605 3580 uterque
636 3496 717 3560 duret
740 3508 771 3561 et
792 3507 859 3572 cet,
892 3499 1022 3560 tortasse
1046 3496 1136 3558 etiam

141 3661 291 3720 satyrus
309 3651 354 3703 l'cl.
375 3651 409 3702 58
421 3677 455 3688 -
467 3650 499 3703 ee
511 3667 532 3701 r.
558 3649 651 3716 lucipit
664 3665 678 3700 u
692 3652 772 3715 primu
784 3651 882 3713 satire,
900 3657 993 3715 quarta
1008 3656 1036 3699 ut
1047 3650 1137 3714 quintu

141 3737 222 3774 uus·
239 3721 369 3782 efficiunt,
388 3726 464 3770 sexta
481 3718 652 3770 inscribitur:
684 3719 736 3770 oar
748 3722 854 3784 quintu.
886 3718 913 3768 lu
932 3719 981 3769 duo
1000 3725 1105 3768 notatur

320 3789 399 3839 Perre·
410 3787 502 3839 Ftceea'
512 3787 677 3855 Satyrorum

320 3855 592 3923 Explicitjele'ce'ter.
613 3855 651 3905 De
664 3860 719 3906 citu
736 3856 827 3906 eiusde

139 3931 199 3993 Qua
218 3927 244 3976 iu
263 3941 293 3976 re
310 3925 462 3987 dolendum,
490 3924 556 3991 quod
575 3925 607 3976 de
625 3925 681 3974 vitu
699 3925 746 3975 ltee
766 3925 831 3974 nihil
849 3927 997 3975 accuratius
1016 3924 1138 3974 tradituro

141 4000 191 4047 sit.
222 3994 347 4060 Sequitur
371 3994 490 4060 prologus
515 3999 542 4044 et
567 3993 593 4044 iu
619 3992 669 4043 due
692 3994 749 4043 eius
773 3994 945 4060 subscriptio,
970 4000 1022 4042 turo
1047 3993 1138 4043 iterum

140 4069 329 4117 tractatus
357 4061 401 4113 ille
428 4061 656 4125 theologicus
682 4062 856 4113 continuator.
891 4061 987 4111 Deinde
1007 4060 1138 4111 Versus

141 4131 321 4185 Prisciani
351 4130 637 4196 eloquentissimi
667 4131 703 4180 de
732 4130 791 4181 list
819 4137 852 4183 et
881 4127 948 4180 Nun
979 4129 1022 4179 tol.
1050 4130 1138 4192 dliv„

142 4206 328 4253 tractatus
352 4199 569 4262 theologicus
591 4197 682 4248 duitor
700 4199 743 4249 tol.
763 4200 805 4250 dl.
839 4198 1029 4265 Praecepta
1051 4199 1140 4248 artis

143 4268 562 4322 rhetorteueuuurustiuu
581 4267 731 4317 collecte
759 4268 797 4318 de
820 4267 942 4318 multis
967 4281 1005 4317 ee
1029 4273 1139 4333 sputu·

144 4346 236 4391 nte
265 4335 355 4388 lulio
386 4335 578 4387 Severiano
603 4335 649 4387 iel.
675 4336 799 4388 uti-eu
826 4352 853 4386 v.
877 4334 1022 4402 Expleta
1048 4349 1141 4400 pree-

144 4416 247 4473 eepta
270 4406 364 4457 ertia
388 4405 589 4458 rhetorieue
613 4405 771 4456 breviter
789 4405 918 4472 incipit
937 4404 1084 4455 cullcctu
1104 4402 1140 4451 de

145 4473 362 4528 dialecticis
379 4501 413 4514 -·
431 4473 475 4526 tot.
496 4475 539 4529 72.
