2574 5054
346 774 477 840 SCllob.
491 775 545 839 sn
560 773 683 851 stul,
709 779 859 842 47-44.
1045 771 1112 842 25⁹

92 942 239 1020 lsudstus,
259 965 314 1008 nee
329 943 429 1008 dolere
443 947 584 1028 culpatus.
606 945 738 1008 Relatum
754 945 792 1008 nd
805 945 933 1027 regule·
946 948 1112 1028 patientins,

92 1033 157 1113 quin
172 1053 229 1092 nou
243 1033 364 1112 negligit
378 1031 488 1094 lsudern
502 1044 533 1096 et
545 1033 657 1114 cnlpnns
672 1034 791 1114 spernit.

176 1122 229 1181 48.
258 1120 321 1179 Sed
345 1121 425 1179 recti
442 1119 596 1199 fisemprss
622 1129 861 1198 commersque,
887 1116 918 1179 id
945 1127 1008 1191 est,
1036 1115 1111 1198 quod

91 1221 215 1285 queem
246 1213 278 1264 ct
299 1204 355 1265 boc
377 1202 460 1265 dieis:
489 1203 616 1265 Lsudern
637 1202 749 1285 quidem
764 1223 828 1264 suo
841 1223 897 1263 uon
920 1203 1039 1275 lslsssn,
1059 1201 1112 1265 sed

91 1308 164 1369 quse
187 1285 223 1348 ud
245 1289 328 1350 linesn
351 1300 382 1350 et
402 1287 439 1349 od
462 1301 618 1352 extrenum
634 1291 723 1362 recti,
748 1287 778 1350 id
792 1299 839 1351 est
852 1286 889 1349 sd
903 1290 1052 1349 veritatem
1068 1290 1111 1349 in·

90 1372 191 1434 tendit.
221 1375 323 1434 Frircrs
342 1378 471 1436 rectiet
490 1385 652 1436 extremum
666 1373 736 1436 dicit
749 1372 902 1437 wcuudunn
916 1374 1111 1456 pbilosopbos,

90 1460 294 1605 pessumum
317 1460 419 1521 bonnus
440 1461 469 1521 in
490 1471 573 1521 recto
594 1471 679 1542 sque
700 1460 822 1522 bonetto
844 1470 979 1522 constsre
1003 1456 1110 1521 dicunt.

116 1544 276 1605 tLucsnns
295 1550 324 1605 ²2

297 1648 422 1690 serosrc
441 1631 556 1692 modum
568 1631 721 1712 finemque
745 1640 856 1692 tenere.

176 1717 231 1779 49.
254 1717 329 1775 Esse
348 1735 452 1775 recuso
466 1736 541 1794 euge
561 1727 642 1777 mum
656 1727 686 1777 et
699 1717 787 1778 belle.
818 1716 922 1798 Neque
936 1717 1011 1778 enin
1026 1713 1112 1778 durs·

89 1800 132 1862 vit
151 1819 254 1861 sensus
277 1810 382 1860 tentum
404 1801 563 1874 scribendi,
596 1812 628 1862 ut
642 1805 736 1862 stetim
751 1821 796 1862 ure
810 1813 892 1863 recte
912 1802 1022 1863 iecisse
1043 1821 1111 1883 per·

91 1887 252 1966 lectumque
275 1885 461 1958 crediderim,
485 1906 548 1948 cunr
568 1898 645 1947 tuuns
666 1908 742 1967 euge
759 1898 789 1947 et
804 1888 880 1947 delle
893 1885 1021 1948 audiero.
1050 1888 1111 1948 lloc

90 1973 164 2033 enirn
187 1970 242 2032 dici
265 1972 339 2032 solet
360 1973 451 2032 Accio
472 1972 619 2044 Labeoni,
649 1970 724 2054 quod
752 1975 792 2032 itu
812 1972 950 2045 voluerit,
979 1983 1111 2053 tenpus·

91 2058 119 2118 in
134 2059 169 2116 iis
184 2077 319 2117 sunusurn
334 2055 465 2116 indicium
479 2060 526 2118 sit.
557 2057 659 2118 Solent
678 2077 797 2139 neuque
820 2056 966 2118 auditores
987 2078 1062 2138 euge
1081 2069 1112 2119 et

91 2143 166 2203 teste
181 2140 356 2223 respondere
372 2143 568 2204 recitantibus.
603 2142 661 2203 Sed
675 2142 881 2216 laudationem,
903 2144 1010 2223 inquit,
1032 2155 1110 2205 tusnn

91 2249 147 2289 non
162 2239 229 2307 puto
245 2230 316 2288 recti
331 2227 530 2289 definitionem.
553 2227 655 2309 Neque
670 2231 745 2290 enisu
761 2228 920 2289 scribentes
935 2227 1041 2289 debent
1056 2229 1110 2291 boe

91 2314 148 2374 line
163 2331 228 2374 esse
243 2315 382 2384 contenti,
398 2324 429 2373 ut
441 2333 518 2393 euge
533 2325 563 2374 et
575 2315 651 2374 delle
664 2312 789 2374 sudinnt.
874 2314 952 2373 Nure
966 2314 1042 2374 belle
1056 2316 1112 2374 boe

91 2410 196 2459 secure
227 2409 327 2459 todem.
367 2398 527 2459 Translatio
548 2418 567 2459 n
588 2400 758 2460 vestimento
785 2400 869 2478 pleno
891 2399 1036 2472 sentibus,
1064 2399 1111 2460 vel

91 2486 303 2565 quibuscunque
318 2485 510 2564 corpusculis,
526 2484 600 2566 quod
615 2483 679 2544 dum
694 2504 844 2545 excussum
859 2485 965 2557 fucrit,
979 2482 1111 2567 quicquid

91 2569 177 2630 bubel
192 2568 402 2642 absconditum,
424 2571 543 2650 proiicit.

178 2659 229 2718 to.
254 2657 333 2731 Quid
345 2675 403 2715 uon
421 2657 501 2715 sistus
515 2654 629 2716 ludet?
657 2655 908 2735 reprehensionis,
929 2654 976 2714 vel
990 2653 1110 2733 ineptis-

90 2759 170 2813 rurn,
192 2740 239 2800 vel
260 2739 453 2820 turpitudinis,
477 2740 523 2801 vel
544 2737 717 2801 derisionis?
807 2743 876 2801 Nos
899 2740 947 2798 dic
969 2750 1015 2800 est
1035 2741 1110 2801 Ilius

90 2828 220 2888 Aeser
254 2825 323 2898 llic,
345 2824 432 2886 idest
447 2828 475 2885 in
491 2838 589 2905 satyra
610 2846 684 2888 meu.
777 2820 1112 2886 *Acciussteo*

90 2922 175 2992 poete
190 2909 320 2971 indoctus
335 2912 389 2971 fuit
402 2912 512 2970 illorum
528 2921 694 2989 temporum,
709 2912 756 2990 qui
771 2909 803 2969 *1
812 2908 945 2969 liudem
961 2908 1110 2971 llosneri

91 2996 269 3058 versibus
299 2996 526 3057 foedissime
555 2994 800 3075 composuit,*
830 2997 888 3068 itu,
917 3005 949 3055 ut
969 3014 1024 3055 nee
1047 2997 1110 3076 ipse

90 3092 178 3162 poete
191 3082 397 3154 intellexisset,
413 3083 467 3141 nisi
480 3081 629 3142 helleboro
644 3091 822 3160 pungeretur.

178 3173 229 3230 bl.
251 3166 345 3227 Esne
358 3177 479 3227 veratro
486 3210 498 3239 ,
522 3165 549 3225 id
565 3177 611 3226 est
625 3169 699 3226 vitiis
714 3167 816 3246 pleno,
839 3166 884 3226 vel
900 3166 982 3224 niueis
997 3166 1108 3227 insons.

92 3251 205 3313 (insece
219 3264 313 3312 autern
328 3249 485 3335 ἐλλέβορον
497 3250 615 3323 dicitur,
631 3252 734 3311 butino
750 3261 922 3323 veretrum,
938 3248 1013 3330 qnod
1028 3248 1112 3311 detur

91 3338 313 3409 insenieutibus,
327 3348 359 3396 ut
373 3357 424 3397 eos
441 3335 476 3396 ud
492 3339 631 3416 integram
643 3339 744 3397 urentis
759 3336 947 3397 valetudinem
962 3333 1110 3416 perducet.

92 3422 123 3483 ln
139 3422 193 3484 beo
207 3425 294 3502 igitur
308 3420 391 3483 leude
406 3421 536 3502 quidnesn
550 3425 700 3483 invenies?
732 3422 818 3483 Certe
833 3424 859 3481 si
874 3441 960 3481 senus
975 3422 1110 3501 inspexe-

91 3511 132 3570 ris
147 3509 202 3569 boc
216 3527 308 3588 genus
322 3510 448 3582 lusoris,
470 3509 597 3568 iuvenies
620 3511 704 3569 elisur
726 3510 816 3589 ipsum
837 3504 975 3589 quondum
991 3507 1110 3567 sttribu-

93 3709 267 3763 lLucsn.ll
296 3710 356 3764 est.

90 3779 110 3835 2
126 3779 235 3840 Wesse,
254 3747 285 3830 sb
299 3780 364 3831 lstiu
377 3781 496 3832 scolissts
508 3779 624 3845 (elensis.
638 3779 728 3831 Journ.
746 3779 768 3833 ll
781 3795 805 3847 p.
824 3780 875 3833 tot
884 3780 937 3845 sq.)
954 3778 1002 3830 boc
1018 3793 1034 3830 e
1051 3777 1109 3829 eod.

126 3847 208 3900 Persii
229 3849 311 3901 edidit
328 3850 410 3902 selsel.
438 3851 525 3912 „llius
540 3850 608 3901 Arei
626 3865 663 3901 sc.
680 3850 817 3902 steonls.
837 3847 1007 3914 Quorumdsnr
1025 3848 1112 3914 opinio

126 3925 184 3978 est,
211 3917 278 3968 hune
297 3920 415 3979 Accium,
443 3921 474 3970 de
510 3934 541 3971 uo
558 3918 673 3985 loquitur
697 3926 788 3986 poete,
811 3917 981 3969 transtulisse
1008 3915 1111 3969 liosncsi

126 3984 218 4037 blinds.
249 3985 321 4052 Quod
340 3988 450 4038 verterit
469 3935 535 4039 nibil
552 3987 654 4055 penitus
673 3988 792 4039 hebetur.
825 3985 874 4037 Sed
893 3986 977 4053 potius
995 3984 1111 4038 releren-

127 4054 185 4105 durn
204 4056 293 4105 ested
311 4057 458 4121 tragoedico
477 4056 552 4119 illss,
578 4071 642 4122 quse
669 4057 701 4107 de
725 4056 826 4107 excidio
844 4054 941 4106 'l'roise
959 4060 986 4105 et
1003 4052 1110 4121 Polyde-

125 4131 229 4185 rnsnte,
253 4124 297 4190 qui
317 4124 365 4176 luit
382 4141 450 4176 unns
468 4123 596 4175 extribus
609 4125 800 4193 proditoribus,
819 4130 894 4190 prout
909 4123 1014 4190 scripsit
1026 4122 1110 4174 Duces

126 4190 270 4260 Phrygius,
295 4196 413 4257 egregius
431 4195 599 4246 bistorinrunr
617 4195 727 4260 scriptor
740 4194 775 4258 (e.
786 4194 891 4260 stop).
916 4191 949 4242 Εἰ
968 4192 1015 4242 boe
1032 4192 1109 4243 dicit:

127 4258 197 4326 Opus
215 4262 281 4312 enirn
300 4278 381 4313 ursum
399 4264 483 4314 liotsnr
496 4263 598 4314 leudem
612 4278 660 4312 non
674 4264 792 4329 quscrit,
811 4263 879 4313 sieut
890 4262 1025 4324 tragoedis
1037 4263 1110 4322 Acci,

128 4343 194 4394 quse
211 4345 269 4381 curn
286 4329 382 4382 relcrtn
402 4339 471 4383 esset
489 4333 563 4397 nugis
581 4331 705 4383 elredus
724 4331 861 4393 inesibus,
885 4338 970 4381 tnnrcn
989 4330 1034 4381 ille
1052 4345 1112 4381 eon·

128 4397 278 4449 teotnbetur
301 4401 327 4450 in
350 4401 405 4453 sole
424 4402 510 4469 populi
534 4400 683 4453 ndulntioue
705 4416 755 4453 non
774 4402 898 4468 inquirens
916 4399 947 4466 (l.
966 4400 1111 4466 inquirens)

129 4467 166 4517 rei
185 4468 354 4521 venitatem.“

841 4537 903 4602 17*
