2574 5054
193 781 259 825 exer
503 756 872 823 ructuantibus.

198 952 251 997 ore
268 941 336 1009 cst,
360 936 453 995 vocnt
467 927 616 994 &semum
637 939 670 993 et
684 931 858 1016 elegantem
865 978 877 1009 ,
901 929 1057 994 ammenti
1071 931 1164 994 etiosa
1180 930 1225 995 nd

195 1031 517 1116 nectenartfnata'dium
531 1031 651 1097 mindae
666 1036 748 1118 (epp.
763 1029 883 1111 LVIII,
898 1031 955 1115 4),
972 1032 1078 1097 etalio
1093 1032 1161 1098 loco
1178 1033 1222 1096 ita

197 1136 235 1202 de
264 1137 330 1201 eins
360 1135 499 1200 oratioue
530 1135 663 1218 loquitur
686 1135 767 1220 (epp.
786 1131 826 1214 C,
842 1135 897 1216 4)=
931 1132 1116 1199 Wdebamus
1144 1134 1224 1219 quid

191 1259 307 1326 perum
322 1239 453 1301 reet‘cum
468 1238 527 1313 sit,
552 1236 630 1323 qnid
636 1258 752 1323 prorum
766 1245 917 1302 structum
925 1285 936 1316 ,
961 1237 1039 1323 quid
1050 1259 1112 1302 nort
1126 1235 1221 1301 dulus

197 1342 333 1405 recentis
355 1340 539 1424 politurae,-
566 1358 633 1401 catu
663 1341 927 1425 circumspexeris
956 1340 1079 1417 carnin,
1114 1340 1221 1404 nullas

196 1443 316 1507 videbis
330 1444 496 1528 angustias
511 1445 630 1505 abanec.
649 1439 766 1524 Quibus
781 1442 885 1508 verbis
899 1441 1022 1507 videtur
1035 1442 1108 1506 illud
1122 1442 1220 1528 ipsum

197 1544 342 1610 excusari
362 1555 393 1609 et
414 1555 528 1608 tantum
552 1544 770 1624 uon'laudari,
794 1555 936 1628 tanquam
959 1544 1125 1610 commanis
1143 1544 1220 1609 labis

197 1637 331 1732 expers,
354 1668 372 1710 a
394 1647 454 1711 tilio
476 1647 592 1724 stoico,
624 1647 703 1730 quod
725 1648 813 1732 pater
832 1645 961 1712 notavit.
1005 1644 1116 1731 Neque
1138 1647 1219 1712 enirn

197 1749 327 1814 dubitari
348 1759 465 1834 potest,
490 1749 561 1833 quin
583 1749 690 1829 stoici,
715 1750 765 1832 qui
787 1760 821 1814 nt
838 1749 961 1814 omnino
976 1750 1126 1814 sermonis
1141 1749 1220 1814 baud

195 1872 335 1937 maguam
358 1872 459 1915 euram
482 1851 651 1930 habebant,
675 1851 715 1915 ita
731 1851 890 1916 obscurum
908 1848 990 1938 (Cic.
1009 1852 1046 1917 dc
1062 1861 1141 1915 orat.
1159 1847 1219 1930 Ill,

197 1950 250 2032 18,
267 1949 342 2036 66),
367 1955 520 2018 concisum
544 1964 576 2017 et
597 1953 740 2018 minutum
764 1951 847 2035 (Cic.
870 1955 908 2020 de
931 1964 1011 2017 orat.
1031 1949 1074 2033 ll,
1091 1952 1144 2032 38,
1162 1949 1222 2035 59)

196 2055 315 2121 dicendi
332 2076 428 2139 genus
443 2056 530 2140 sequi
546 2055 704 2136 dicantur,
729 2067 761 2122 ct
783 2057 805 2120 ii
827 2057 877 2141 qui
900 2056 1013 2121 stoicos
1027 2055 1221 2120 aemulaban-

196 2168 266 2237 tur,
290 2157 368 2222 banc
385 2157 504 2223 dicendi
519 2157 667 2222 rationem
686 2158 896 2224 adamaverint
916 2168 949 2223 ct
969 2158 1218 2244 propagaverint.

197 2257 279 2326 Nam
309 2280 376 2325 cunr
404 2260 494 2342 rigidi
528 2271 618 2344 atque
651 2261 753 2326 severi
782 2261 855 2326 nibil
884 2261 980 2346 magis
1006 2260 1219 2345 reprobarent,

196 2382 283 2447 quam
304 2362 336 2425 in
358 2383 533 2446 quacunque
556 2383 590 2426 re
612 2363 765 2427 lasciviam
788 2374 819 2428 et
840 2364 1014 2442 mollitiem,
1037 2363 1219 2448 inanemque

194 2465 262 2530 siue
278 2464 393 2530 viribus
413 2464 666 2544 ostentationem,
691 2463 747 2529 boc
773 2467 852 2530 torte
875 2478 907 2531 ct
930 2465 1095 2532 masculum
1116 2466 1220 2531 brevi·

194 2578 258 2632 tate
281 2578 370 2652 atquc
392 2567 556 2653 asperitate
577 2566 733 2631 robustum
756 2568 887 2633 animum
911 2569 1077 2634 osteudens
1099 2568 1220 2633 dicendi

194 2689 291 2754 genus
314 2690 368 2734 eos
394 2690 555 2754 usurpasse
582 2679 823 2736 consentaneum
854 2680 919 2749 est,
953 2671 1030 2755 quod
1061 2682 1094 2735 et
1121 2671 1218 2753 ipsum

195 2771 288 2836 nimio
304 2773 402 2836 studio
418 2774 560 2837 vitiosum
576 2774 686 2836 iactum
702 2783 762 2837 est.
796 2774 899 2855 Atque
923 2772 1006 2838 biscc'
1028 2771 1219 2839 observatio-

195 2873 283 2938 nibus
298 2871 466 2938 Persianae
483 2873 629 2938 orationis
653 2874 809 2961 potissima
830 2875 903 2940 vitia
924 2875 1095 2956 contineri,
1117 2885 1219 2941 atten-

195 2986 256 3040 tum
277 2977 423 3042 lectorem
444 2999 506 3040 uon
531 2979 582 3062 lug
564 2977 617 3041 rit.
663 2975 754 3039 Ex''
734 2998 772 3042 us
795 2998 890 3054 vcro,
915 2998 990 3061 quae
1017 2977 1108 3042 attam
1133 2988 1217 3057 sunt,

194 3088 294 3196 patet,
320 3078 488 3144 communia
510 3080 539 3144 ei
560 3078 635 3143 baec
657 3079 752 3144 luisse
775 3101 843 3145 cum
864 3081 985 3160 multis,
1009 3080 1218 3146 ctmnltosea

194 3182 259 3266 ipsa
275 3163 460 3266 potissimum
476 3181 507 3244 iu
523 3204 560 3247 eo
576 3201 714 3259 amasse,
739 3184 818 3265 quod
839 3182 909 3247 inde
925 3204 1041 3268 quoque
1058 3183 1219 3248 coufirma-

195 3293 260 3364 tur,-
285 3285 364 3368 quod
386 3305 443 3362 ea,
467 3304 542 3368 quae
558 3284 757 3349 audacissime
777 3287 949 3366 transtulit,
974 3284 1025 3351 rel
1046 3284 1220 3352 insolenter

195 3389 339 3465 norwit,
362 3387 412 3452 vel
428 3386 556 3452 obscure
571 3387 775 3472 significavit,
798 3388 836 3453 ab
853 3388 921 3454 aliis
937 3388 1073 3455 videmos
1087 3387 1218 3476 probata

193 3500 283 3573 atque
308 3512 467 3575 expressa.
498 3486 614 3555 Verum
638 3510 699 3554 nou
719 3489 795 3573 apud
818 3511 871 3556 cos
886 3492 1003 3570 solnm,
1027 3490 1097 3576 qui,
1121 3502 1154 3555 ut
1175 3491 1219 3555 ait

194 3590 334 3669 Seneca,
358 3592 433 3657 vitia
447 3592 511 3677 ipsa
535 3592 692 3670 amabant,
715 3593 786 3657 talia
810 3592 1032 3678 probabantur,
1055 3594 1111 3658 sed
1131 3594 1218 3658 multi
1252 3675 1259 3690 ι

194 3693 314 3759 bonesti
336 3705 425 3779 atque
447 3695 572 3780 ingenui
592 3695 669 3773 viri,
692 3694 741 3777 qui
758 3694 832 3758 nibil
845 3694 941 3780 magis
957 3696 1105 3774 oderant,
1126 3716 1217 3780 quam

193 3808 348 3862 recentem
379 3798 532 3862 lasciviam
564 3797 747 3880 deliciasque
777 3808 809 3861 et
837 3798 936 3861 omuia
965 3799 1003 3864 ad
1029 3796 1216 3884 voluptatem

193 3899 390 3965 multitudiuis
408 3901 567 3989 imperitae
588 3900 754 3985 composita
777 3897 900 3981 (Quint.
917 3899 960 3979 X,
979 3898 1010 3978 I,
1026 3900 1104 3984 ta),
1127 3921 1217 3990 prae·

192 4000 333 4066 ferebant
353 4013 454 4067 tamen
478 4003 556 4068 hanc
583 4001 671 4066 nimis
697 4001 824 4085 rigidam
852 4012 885 4067 ct
910 4001 1067 4067 obscuram
1097 4002 1216 4069 dicendi

191 4102 360 4178 rationem,
392 4104 423 4166 in
449 4126 505 4187 qua
534 4125 655 4189 semper
683 4115 784 4169 tamen
812 4104 888 4168 recti
916 4102 1043 4189 verique
1071 4106 1215 4187 studium,

191 4206 385 4287 animumque
402 4215 508 4268 contra
523 4227 614 4291 prava
630 4218 662 4272 ct
677 4216 818 4291 corrupta
835 4205 977 4271 infestum
993 4206 1215 4290 agnoscebant.

194 4304 281 4374 Sicut
301 4306 441 4372 similiter
460 4306 571 4372 indicat
593 4306 798 4391 Quintilianus
821 4304 897 4390 (IX,
914 4309 945 4386 t,
964 4306 1059 4394 itti:
1084 4310 1124 4375 In
1146 4314 1218 4376 uni-

192 4431 312 4475 versnm
327 4417 446 4485 auteur,
463 4409 495 4472 si
505 4410 550 4473 sit
562 4431 701 4490 necesse,
718 4412 828 4477 duram
837 4413 948 4499 potius
961 4420 1055 4500 etque
1069 4432 1216 4501 nepem
