2574 5054
86 39 92 353 Ι
162 68 168 75 Ι
859 39 1262 360 Ι-

450 745 850 830 rnonssounus.'
1077 795 1140 836 m

154 930 236 998 Allani
255 934 354 1010 (indic.
378 937 472 1021 antiq.
493 959 526 1001 n.
554 933 652 1022 101),
676 938 781 1002 nescio
803 935 909 1020 quibus
929 936 965 1004 do
987 939 1085 1005 causis
1100 941 1139 1006 iis

152 1033 246 1101 inditum
266 1045 288 1101 ¹.

207 1138 277 1205 Non
298 1141 454 1207 concessit
472 1152 583 1206 natura
602 1137 713 1205 Persio
733 1141 854 1224 longam
877 1140 991 1220 vitam,
1019 1140 1074 1206 sed
1093 1142 1139 1208 iu·

148 1256 229 1304 renem
255 1241 413 1308 indefesso
440 1245 541 1308 studio
573 1242 762 1307 laborantem
792 1243 949 1307 immaturo
976 1263 1059 1307 mors
1086 1245 1139 1309 ab·

144 1343 236 1407 sunsit.
260 1343 346 1410 Vitio
362 1344 509 1412 stomachi
525 1345 658 1410 decessit
672 1345 704 1408 in
718 1344 851 1427 praediis
865 1345 929 1409 suis
945 1345 983 1408 ed
1000 1356 1140 1411 octavum

143 1443 274 1511 miliarium
303 1448 374 1513 viae
404 1448 520 1532 Appiae
542 1443 620 1512 Vlll
646 1445 708 1510 kal.
739 1443 818 1511 Deo.
850 1443 886 1509 P.
916 1444 1066 1527 Mario,
1097 1445 1137 1512 L.

141 1545 264 1612 Asinio
292 1549 409 1615 Gallo
440 1546 532 1615 Coss.
563 1550 606 1630 (a.
625 1570 656 1611 u.
674 1570 703 1612 c.
720 1545 795 1628 815,
812 1568 842 1632 p.
860 1544 935 1612 Chr.
952 1547 1029 1637 62),
1061 1572 1140 1615 anno

80 1644 82 1651 ’
140 1651 228 1715 aetatis
242 1649 402 1717 xxvltl.
998 1690 999 1694 ,

203 1751 254 1818 Ne
270 1755 328 1819 loc
343 1755 462 1838 quidem
484 1753 645 1818 satirarum
665 1774 740 1839 opus
755 1753 902 1838 perficere
918 1752 944 1815 ei
960 1751 1060 1830 licuit,
1085 1754 1141 1818 sed

135 1848 325 1936 inperfectum
340 1858 479 1940 reliquit,
504 1867 535 1921 et
550 1865 585 1919 nt
598 1856 646 1920 edi
664 1865 787 1940 posset,
808 1874 915 1919 versus
931 1855 1049 1938 quidam
1066 1854 1140 1919 abii-

134 1953 223 2023 ciendi
234 1968 340 2038 erant,
365 1960 444 2042 quod
458 1970 544 2024 recte
558 1959 601 2023 ita
615 1958 801 2022 intellectum
818 1968 883 2034 est,
901 1968 934 2021 ut
949 1977 1011 2020 nou
1026 1957 1140 2022 satirae

132 2070 226 2123 exue
247 2061 343 2124 ultimi
366 2082 475 2126 versos
498 2060 592 2125 ablati
619 2070 816 2145 putarentur,
842 2077 917 2143 quae
946 2068 979 2122 et
1003 2058 1141 2124 absoluta

131 2171 169 2222 cst
181 2183 280 2246 neque
296 2162 432 2226 ultimae
453 2172 543 2248 poeta
563 2163 675 2246 scripta
697 2183 767 2226 esse
788 2161 928 2240 videtur,
952 2166 1008 2229 sed
1025 2177 1058 2229 ut
1071 2187 1141 2230 ver-

129 2283 172 2325 sus
185 2265 317 2348 aliquot,
340 2266 391 2348 qui
406 2284 504 2328 novae
519 2264 633 2328 sotirae
654 2263 772 2327 initium
795 2265 952 2346 lacerent,
975 2268 1142 2332 reiiceren-

130 2373 187 2443 tnr,
215 2365 348 2451 nequid
373 2368 536 2430 satirarum
565 2365 644 2429 liber
672 2365 941 2448 complecteretur,
974 2370 1051 2453 qnod
1080 2391 1142 2432 non

130 2469 285 2548 perlectum
310 2479 404 2533 esset.
447 2470 621 2552 Antequam
647 2488 721 2532 vcro
749 2469 780 2531 in
809 2468 957 2554 publicum
986 2472 1141 2551 ederetur,

131 2564 296 2646 Cornutus,
322 2573 400 2654 qnod
418 2582 506 2657 poeta
522 2572 586 2656 ipse
601 2571 661 2634 iam
684 2572 787 2634 lacere
813 2593 874 2635 non
896 2574 1010 2658 potuit,
1034 2575 1143 2638 satiras

131 2673 302 2738 retractavit
319 2680 349 2752 ²,
380 2673 403 2736 i.
420 2695 450 2738 e.
475 2672 678 2737 emendatrioe
702 2694 792 2736 manu
814 2674 907 2755 vitia,
930 2675 957 2740 si
972 2697 1047 2760 quac
1064 2678 1142 2740 lortc

132 2784 352 2851 remanserunt,
384 2774 546 2854 abstersit,
577 2786 607 2839 et
637 2786 729 2838 totum
757 2776 922 2860 expolivit,
953 2779 1005 2842 sed
1033 2778 1145 2843 leviter

132 2883 255 2955 tantum,
280 2898 321 2941 ne
344 2878 461 2941 scilicet
476 2877 655 2960 corrigendo
672 2887 703 2939 et
717 2878 907 2943 emendando
921 2879 1051 2943 alienum
1069 2902 1143 2966 opus

134 2979 283 3043 redderet:
310 2991 382 3043 tunc
404 2976 516 3044 Caesio
536 2975 652 3055 Basso,
677 2978 726 3061 qui
749 2979 804 3043 hae
826 3001 861 3044 re
883 2983 1044 3046 amicitiam
1060 3003 1143 3047 sunm

134 3081 253 3160 profiteri
269 3082 378 3158 voluit,
395 3080 519 3145 tradidit
534 3079 695 3142 edendum.
720 3079 873 3147 Habemus
889 3085 938 3147 hio
952 3085 1046 3169 igitur
1060 3086 1144 3149 claro

135 3183 297 3248 testimonio
313 3184 476 3263 traditum,
500 3181 578 3266 quod
594 3181 683 3244 hodie
699 3182 736 3247 de
754 3192 798 3245 tot
812 3184 897 3249 libris
913 3208 1029 3250 sommo
1045 3187 1144 3251 studio

137 3281 331 3350 demonstrare
352 3288 477 3350 student
499 3286 613 3366 critici,
637 3310 699 3352 non
722 3307 791 3352 esse
816 3308 869 3351 eos
884 3286 921 3350 ab
938 3301 1063 3353 auctore
1078 3289 1144 3375 ipso

139 3419 285 3487 ldoagazii
303 3423 484 3488 iconogroplria
503 3422 615 3473 Romana
635 3440 682 3473 non
702 3425 772 3491 potni
791 3426 845 3489 uti,
872 3425 957 3476 nescio
981 3442 1058 3490 ergo,
1085 3441 1145 3478 num

163 3493 216 3556 quid
235 3492 374 3553 attulerit,
394 3493 459 3557 qnod
478 3506 493 3541 ι
512 3508 564 3542 rem
583 3499 697 3543 nostrum
716 3495 855 3560 pertineat.

139 3554 256 3610 2Vereor
273 3577 305 3611 ne
324 3561 393 3610 insto
411 3561 519 3610 solidius
538 3561 563 3610 in
583 3562 637 3610 vita
661 3564 771 3628 antiqno¹
792 3579 817 3628 p.
835 3563 886 3616 236
900 3578 939 3628 sq.
964 3561 1053 3612 oeod.
1073 3560 1144 3611 Flor.

164 3629 298 3695 receperim
316 3633 457 3690 correxit,
475 3630 541 3695 qood
560 3629 682 3680 librarius
700 3639 787 3682 notum
807 3632 857 3682 sibi
875 3632 982 3682 verbnm
1001 3630 1146 3694 reposuisse

164 3699 261 3748 ridetur
278 3715 325 3765 pro
337 3702 516 3761 retractauit,
536 3715 584 3764 qno
596 3699 671 3748 codd.
685 3708 749 3751 cett.
765 3701 850 3766 potins
863 3697 1023 3765 corruptelae
1036 3699 1145 3757 ducunt,

163 3769 271 3833 quodque
290 3769 388 3818 iustum
407 3767 432 3816 io
452 3767 499 3816 bac
520 3783 548 3816 rs
567 3768 718 3818 vocabulum
736 3776 785 3819 est.
806 3768 958 3819 lletroctnrc
970 3767 1037 3816 enirn
1050 3767 1147 3816 dicitnr

163 3838 329 3902 scriptores,
355 3850 420 3901 quae
443 3851 498 3886 cum
519 3836 600 3901 primo
618 3838 714 3901 impetu
734 3837 858 3900 fodisset,
884 3839 933 3887 iarn
952 3835 1101 3901 expoliendo
1120 3843 1147 3885 et

162 3905 307 3968 corrigendo
331 3903 438 3954 editioni
464 3911 615 3971 praeparat:
643 3905 679 3954 itn
703 3907 734 3956 dc
752 3905 861 3969 Virgilio
880 3906 976 3955 dicitnr
993 3905 1058 3969 apud
1078 3901 1144 3954 Gell.

162 3970 234 4036 llllll,
255 3974 299 4025 ld,
318 3971 410 4023 Postea
425 3971 459 4021 iti
472 3974 621 4039 praesertim
637 3975 756 4039 nsurpcri
770 3975 890 4032 videtur,
905 3974 948 4023 nbi
963 3986 1004 4034 ea,
1018 3986 1083 4037 qnae
1096 3972 1145 4022 iam

163 4046 269 4093 recitata
287 4049 360 4103 sont,
379 4041 473 4092 iterata
492 4057 555 4092 cura
567 4042 760 4108 perpoliuntur,
781 4051 809 4092 nt
822 4044 941 4093 edentur.
962 4040 999 4091 lta
1013 4040 1146 4091 Curiatius

161 4108 288 4164 tauron·
313 4110 437 4160 Catonern
461 4117 520 4176 post
547 4111 723 4162 recitationem
751 4112 875 4162 edendum
907 4116 1035 4161 retractet
1070 4108 1145 4172 (Tae.

161 4179 218 4230 dial.
238 4180 282 4244 3),
315 4179 438 4229 similiter
460 4177 562 4229 Plinius
591 4181 721 4230 ocutiones
747 4179 814 4246 (epp.
835 4177 869 4241 V,
889 4180 915 4238 8,
935 4179 959 4230 d.
981 4176 1028 4240 tx,
1051 4178 1092 4238 ld,
1113 4177 1147 4239 33

161 4249 199 4311 td,
219 4250 245 4304 2.
266 4254 294 4299 et
311 4247 356 4311 lV,
376 4249 403 4311 ⁹,
418 4248 445 4312 3,
464 4249 506 4298 ubi
525 4256 566 4299 est
583 4247 678 4300 leviter
695 4248 868 4312 retractare).
888 4247 1003 4312 lienique
1022 4260 1148 4310 gramma·

162 4316 203 4366 tiel
227 4318 344 4368 earmina
366 4331 457 4384 parum
481 4317 564 4367 adlrnc
589 4317 724 4381 divulgare
742 4318 785 4368 vel
803 4317 979 4367 defunctorum
999 4316 1147 4375 amicorum,

161 4387 197 4436 rel
215 4387 237 4436 si
256 4401 364 4452 qnorum
382 4386 491 4436 aliorum
509 4385 678 4452 probassent,
693 4386 845 4450 diligentins
864 4392 1007 4436 retractare
1026 4384 1151 4432 dicuntur

162 4453 241 4517 (Suet.
263 4455 304 4506 ill.
324 4469 430 4520 gramm.
449 4455 476 4516 2,
501 4454 547 4506 ubi
564 4456 626 4506 item
644 4458 761 4508 recitare
780 4457 805 4506 in
824 4454 896 4506 codd.
917 4453 1068 4521 quibusdam
1086 4449 1149 4514 est).
