2574 5054
214 797 282 841 nana
538 774 906 841 Pil-OLEGOMEM.

216 954 374 1031 corruptos
389 964 496 1010 mores
516 947 715 1028 ostendebat,
739 945 952 1033 rempublicam
970 955 1118 1031 putamur
1146 947 1177 1011 iu
1204 965 1237 1012 se

216 1067 411 1133 corrumpere
432 1049 641 1128 censebatur,
672 1049 722 1113 ubi
750 1049 874 1135 quisque
906 1048 1120 1135 rempublicam
1150 1049 1237 1114 dictis

215 1152 344 1216 saetisve
365 1151 471 1216 iuvare
493 1161 525 1216 et
547 1150 711 1216 defendere
735 1152 860 1238 primum
891 1151 1084 1235 ultimumque
1113 1151 1238 1217 officinm

217 1253 381 1330 censebat,
395 1263 437 1317 et
458 1254 656 1337 quodeunque
678 1253 864 1319 existimavit
884 1254 979 1318 libero
991 1272 1056 1317 ore
1077 1253 1239 1337 eloqueba·

218 1367 279 1420 tur.
306 1352 400 1439 Quod
423 1375 534 1420 censor
548 1355 579 1418 iu
601 1355 798 1433 lustratione,
821 1366 928 1419 orator
941 1356 1075 1436 iudom,
1102 1354 1134 1420 id
1149 1366 1238 1442 poeta

215 1458 249 1522 in
264 1457 366 1522 satiris
379 1456 632 1541 persequebatur,
656 1477 733 1539 qnae
748 1457 894 1521 amedee
914 1458 1079 1544 petulantie
1100 1470 1134 1524 et
1148 1460 1240 1526 cavil-

216 1560 330 1625 latione
351 1559 388 1622 ad
410 1559 520 1623 iustum
542 1578 650 1643 poema
671 1559 830 1639 excultae,
856 1578 1053 1643 quaecunque
1073 1579 1107 1624 se
1122 1571 1239 1648 poetae

209 1660 472 1744 circumspicienti
495 1659 689 1736 obtulerant,
712 1662 804 1725 multa
827 1682 896 1727 eum
917 1662 1058 1727 libertate
1073 1662 1237 1727 notabant.

216 1762 381 1827 'balistaria
402 1759 513 1826 Lucilii
535 1762 648 1841 satira,
679 1763 728 1846 qni
751 1763 885 1846 equestri
910 1763 1015 1828 ordine
1036 1774 1148 1845 natus,
1171 1786 1238 1831 cum

217 1865 339 1928 summis
355 1862 427 1927 viris
444 1861 587 1950 Scipione
603 1875 634 1928 et
648 1862 757 1929 Laelio
770 1864 901 1930 amicitie
916 1865 1116 1946 coniunctus,
1133 1888 1239 1932 eoruan

217 1967 249 2030 iu
269 1963 422 2050 republica
449 1964 686 2030 administranda
714 1975 816 2050 partes
842 1978 984 2046 secutos,
1013 1967 1122 2051 qnorie
1150 1969 1239 2033 modo

216 2088 321 2132 eornm
343 2066 501 2148 inimicos,
526 2087 601 2151 quos
623 2088 716 2152 prave
742 2068 775 2132 in
796 2067 948 2152 republica
969 2068 1086 2133 versari
1101 2069 1237 2154 potabat,

215 2168 402 2254 impugnavit
423 2179 455 2233 et
476 2180 603 2234 cruento
624 2170 716 2235 dente
732 2170 889 2235 lacerarit.
921 2169 1004 2234 ldem
1019 2171 1159 2255 quiequid
1175 2172 1238 2235 ani·

210 2271 380 2336 madvertit
393 2281 566 2353 corruptum
581 2282 613 2335 et
633 2271 840 2355 depravatum,
860 2271 925 2335 site
940 2271 1101 2336 inmornm
1118 2273 1239 2338 ludria

216 2374 282 2439 site
297 2374 329 2438 in
344 2374 511 2437 litterarum
527 2373 652 2450 indicio,
669 2393 830 2458 aggressus
846 2383 895 2437 est
909 2383 942 2436 et
956 2373 1238 2459 utpublieumdana-

215 2496 287 2540 uum
309 2475 373 2560 igni
393 2476 535 2557 ferroque
557 2477 688 2541 sanauit.
720 2473 789 2559 Qua
809 2474 841 2538 in
863 2494 898 2538 re
920 2486 1060 2559 qnantum
1075 2476 1237 2544 intereins

215 2579 340 2642 satiram
362 2587 394 2641 et
414 2578 566 2661 antiquam
588 2577 774 2643 comoediam
796 2577 968 2641 intercedat
981 2579 1173 2663 cognationis
1186 2600 1237 2664 pa-

215 2690 280 2759 tet,
304 2689 336 2744 et
357 2689 442 2743 recte
466 2678 502 2742 ab
523 2701 558 2744 ea
582 2679 716 2765 pendere
738 2678 1010 2766 potnit·dici,·pni
1031 2679 1102 2744 inde
1117 2680 1238 2767 putissi-

182 2820 184 2825 ·
215 2801 295 2845 annm
324 2780 424 2843 bausit
451 2781 589 2866 quiequid
619 2781 693 2846 artis
722 2780 913 2866 perfectioris
940 2792 972 2847 et
1000 2783 1173 2868 elegantiae
1200 2784 1237 2848 ad

215 2881 292 2947 rude
313 2879 520 2947 llomanorum
544 2904 665 2949 carmen
688 2883 902 2969 expoliendum
926 2885 1112 2969 apportavit,
1133 2901 1236 2971 qna*

215 3005 303 3070 apuam
319 2984 419 3049 multis
435 2982 501 3048 aliis
522 2985 612 3049 rebus
633 2996 665 3049 et
685 2985 778 3049 totins
798 2984 922 3070 generis
943 2987 1040 3049 forma
1053 2987 1179 3052 multam
1194 2987 1237 3052 di-

214 3108 324 3153 rersns
344 3096 367 3151 ¹.
383 3084 512 3152 dloratii
527 3107 625 3171 neque
640 3085 816 3172 ingenium,
838 3108 898 3153 uec
918 3096 1053 3172 tempora
1067 3089 1236 3154 libertatem

215 3190 408 3276 patiebantur
428 3190 554 3254 similem
578 3187 766 3254 Lucilianae.
797 3185 866 3275 lpse
889 3188 969 3255 enim
989 3189 1113 3254 multum
1129 3191 1233 3256 abbor

214 3292 302 3356 rebat
316 3313 335 3355 a
349 3293 468 3357 fervido
484 3303 516 3357 et
530 3292 594 3356 acri
609 3288 718 3355 Lucilii
738 3291 884 3376 ingenio,
908 3291 1080 3356 moderatas
1101 3293 1133 3356 in
1156 3294 1237 3358 omni

214 3414 250 3458 re
273 3404 361 3478 atpne
384 3393 580 3478 tranquillus,
605 3415 703 3477 neque
723 3394 750 3458 is
771 3404 840 3458 erat
859 3393 1041 3479 reipublicae
1063 3403 1180 3475 status,
1203 3405 1237 3460 nt

216 3497 316 3559 omnia
339 3496 376 3559 ad
400 3497 465 3560 eins
491 3497 618 3561 salntem
639 3497 775 3575 referre,
798 3497 893 3560 malos
919 3496 1001 3560 cives
1029 3495 1164 3562 clamore
1191 3497 1236 3561 in·

215 3597 347 3675 sectari,
371 3608 403 3662 et
425 3598 547 3662 omnino
568 3598 664 3663 libera
684 3598 779 3664 verba
803 3598 917 3684 proiari
939 3598 1068 3684 magiae
1083 3599 1235 3685 republica

216 3785 398 3839 domitto'b.
424 3787 445 3837 l.
470 3786 644 3838 difficillimam
669 3793 697 3837 et
718 3787 854 3838 obscurum
880 3787 1055 3854 annectionem
1080 3787 1113 3838 de
1136 3785 1235 3840 atta·

251 3856 371 3906 tbonie
397 3856 525 3907 comoedia
550 3856 739 3919 hexametriea,
767 3871 843 3922 quam
870 3862 936 3907 teste
961 3854 997 3907 lo.
1015 3854 1088 3924 Lydo
1106 3854 1151 3922 (de
1168 3872 1235 3922 mag.

249 3921 270 3986 l,
289 3924 334 3986 ll)
351 3923 470 3975 Lucilius
488 3932 594 3976 aeentns
612 3925 662 3989 ait,
681 3923 868 3988 cl.¹llenreue,
888 3925 947 3976 coll.
967 3941 992 3992 p·
1011 3924 1044 3976 dd
1056 3939 1113 3992 epp.
1137 3924 1236 3986 0eaaa,

249 3992 329 4043 auall.
349 3995 409 4044 erit.
429 4009 454 4059 p.
468 3994 500 4044 db
513 4009 568 4059 sqq.
588 3993 700 4044 Lorenta
719 3992 751 4044 ‹le
767 3994 906 4045 rebecca.
921 4001 949 4045 et
960 4000 1022 4045 artt.
1035 4001 1100 4045 vett.
1115 3993 1235 4046 Tarentt.

250 4060 371 4126 paea.
399 4060 536 4112 Hermann.
557 4063 588 4112 dc
606 4070 655 4112 sat.
676 4061 749 4114 Rom.
768 4070 839 4113 anot.
859 4078 883 4129 p.
898 4062 927 4114 31
944 4078 984 4129 aq.
1010 4077 1035 4112 v.
1057 4062 1160 4114 Heusde
1177 4063 1197 4115 l.
1216 4063 1235 4114 l.

250 4144 275 4194 p.
295 4127 413 4194 tcueqq.
445 4129 607 4180 Petermnnn.
632 4131 649 4181 l.
676 4132 694 4182 l.
721 4147 746 4199 p.
768 4132 852 4197 itaq.
888 4130 1031 4183 Verborum
1055 4125 1186 4197 κωμῳδία
1210 4140 1237 4182 et

249 4190 390 4260 κωμῳδεῖν
412 4197 490 4247 latior
514 4198 669 4261 significatio
693 4207 720 4250 et
745 4200 851 4250 liberior
872 4216 934 4250 nsua
960 4200 1006 4264 (cl.
1034 4198 1147 4251 bleinek.
1173 4200 1236 4252 bist.

249 4264 310 4315 crit.
329 4280 394 4314 cona.
413 4281 452 4328 gr.
472 4281 497 4331 p.
518 4267 565 4316 b‘li
579 4268 648 4334 sip),
674 4269 741 4320 uude
763 4269 830 4335 apud
849 4269 974 4320 seriorum
994 4273 1134 4336 temporum
1153 4285 1237 4335 granu

250 4334 374 4395 mutiens,
401 4333 493 4399 quibua
519 4351 563 4384 nos
589 4336 701 4400 utimur,
734 4339 882 4403 praesertim
910 4338 953 4389 nbi
978 4336 1107 4389 llomanae
1131 4337 1236 4389 litterae

248 4418 304 4453 onan
330 4401 438 4453 Graecia
463 4412 663 4469 componuntnr,
693 4422 792 4458 summa
815 4407 930 4458 conlusio
955 4414 1011 4458 orta
1035 4414 1091 4472 est,
1119 4408 1185 4460 bane
1210 4416 1237 4458 ot

248 4471 346 4524 similes
364 4471 529 4539 quaestiones
547 4472 656 4525 manime
674 4474 819 4541 implicatas
838 4477 956 4528 reddunt.
