2574 5054
131 768 222 809 xxxin
455 746 819 812 PROLEGOMENA.

215 912 280 982 Per
300 911 471 981 Cornutum
493 920 639 1004 cognovit
657 915 705 982 bl.
733 919 930 984 Annaeum
958 914 1152 987 insessum

129 1029 269 1105 metam,
292 1019 342 1103 qni
357 1019 493 1084 ciusdem
509 1021 575 1086 lere
597 1020 706 1087 sumtu
721 1017 855 1087 Cornuti
867 1031 900 1087 et
913 1021 978 1105 ipse
992 1022 1053 1087 luit
1065 1023 1153 1088 disn—

129 1123 228 1208 pulns.
259 1118 317 1184 llic
343 1141 535 1207 summopere
560 1120 662 1188 Persii
684 1123 819 1189 carmina
843 1123 1009 1193 admiratus
1031 1147 1104 1196 esse
1123 1140 1153 1193 et

131 1245 197 1288 eum
212 1223 264 1288 ille
278 1224 424 1288 recitaret
438 1225 576 1290 fauorem
590 1245 678 1290 sunm
696 1225 829 1291 clamore
844 1227 1014 1312 prodidisse
1029 1231 1151 1296 dicitsn

128 1324 189 1390 Est
202 1346 278 1392 reru
293 1327 379 1390 locus
394 1326 477 1391 vitae
492 1327 653 1411 antiquae,
669 1327 720 1392 ubi
736 1328 793 1393 boc
809 1341 971 1410 namtnr,
995 1343 1153 1420 correptas

129 1439 220 1512 atque
242 1439 276 1492 ut
296 1428 419 1494 videtur
439 1429 662 1514 interpolatus,
683 1430 727 1495 ita
753 1442 787 1497 ut
811 1431 908 1496 verbs
935 1437 1075 1519 genuina
1100 1437 1153 1502 rix

129 1534 221 1598 liceat
240 1533 415 1597 restituere.
456 1528 582 1597 Persius
603 1532 726 1599 videtur
746 1534 870 1598 satiram
895 1535 1022 1620 primam
1049 1536 1152 1602 amieis

129 1634 277 1700 recitasse
304 1637 387 1716 (nam
408 1653 427 1697 a
449 1632 574 1718 publicis
594 1635 824 1699 recitationibus
839 1631 940 1701 Persii
954 1637 1076 1702 animus
1090 1639 1153 1703 sine

131 1739 221 1802 dnbio
243 1737 447 1802 alienissimus
469 1736 558 1821 luit),
588 1737 621 1801 in
637 1758 763 1820 quorum
778 1757 904 1803 numero
919 1739 977 1802 luit
995 1735 1150 1819 Lucanus,

129 1842 179 1926 qui
203 1850 286 1904 unta
308 1838 509 1919 admiratione
530 1840 686 1923 perculsus
711 1848 777 1917 est,
800 1851 835 1905 ut
850 1840 905 1904 vix
919 1861 954 1905 se
969 1839 1153 1906 retinereta

130 1944 284 2020 clamore,
309 1960 487 2024 quamquam
510 1941 585 2006 satis
608 1941 777 2006 declaravit
797 1938 942 2022 Persius,
965 1952 1153 2028 quantopere

129 2045 203 2110 talia
213 2041 408 2128 improbaret.
423 2039 503 2124 Quid
518 2040 1153 2111 exclamaveritLucannsnarratumetian

129 2157 196 2224 est,
226 2156 368 2230 quantum
393 2167 435 2209 ex
457 2147 607 2230 corruptis
636 2145 739 2210 verbis
769 2145 898 2231 intelligi
925 2156 1048 2233 potest,
1078 2167 1153 2212 rere

129 2267 200 2313 esse
219 2247 297 2312 baec
318 2257 473 2331 poemata,
505 2258 633 2332 atquae
655 2249 720 2334 ipsc
743 2250 878 2325 laceret,
909 2248 1012 2313 ludum
1034 2258 1152 2313 tantm

129 2371 198 2416 esse
214 2351 384 2433 iocumque.
416 2347 501 2414 Haec
525 2368 561 2413 eo
581 2351 765 2428 referenda,
789 2351 867 2433 qnod
883 2348 1011 2416 Persius
1025 2350 1152 2435 prologo

129 2453 263 2532 dixerat,
279 2470 314 2517 se
329 2451 368 2515 ad
383 2450 462 2516 vatis
478 2472 590 2516 nomen
606 2473 668 2516 uon
682 2453 850 2536 adspirare,
870 2471 996 2536 quorum
1011 2453 1051 2516 sd
1066 2472 1154 2519 saera

128 2556 341 2640 semipaganus
357 2574 478 2618 carmen
495 2575 580 2619 snum
595 2555 713 2619 efferat.
739 2551 856 2618 Contra
873 2554 1037 2620 affirmavit
1052 2550 1153 2620 Laca-

128 2676 186 2721 nus
201 2657 278 2722 baec
292 2677 368 2722 vcra
384 2668 524 2743 poemata
546 2677 627 2721 esse.
669 2655 760 2721 Talis
779 2676 856 2721 sene
877 2654 967 2721 lacile
988 2664 1153 2741 potnerunt

128 2760 220 2843 fingi,
245 2768 277 2825 ct
291 2759 370 2841 quod
385 2759 536 2823 addidisse
552 2759 663 2823 dicitur
677 2758 714 2822 de
732 2759 795 2822 suis
811 2757 1014 2835 carminibus,
1038 2777 1153 2824 vereor

129 2876 162 2929 ut
191 2864 325 2929 dixerite
356 2881 461 2928 verum
488 2861 525 2925 de
554 2870 619 2924 tota
647 2879 682 2924 re
712 2882 766 2924 cur
789 2859 944 2926 dubitetur
965 2881 1028 2924 non
1050 2861 1151 2925 viden.

127 2966 333 3053 Agnoscimus
356 2964 403 3029 bic
426 2983 544 3049 quoque
570 2962 770 3026 Annaeorum
799 2961 950 3027 fervidum
979 2961 1150 3048 ingenium,

127 3068 228 3135 subito
242 3070 356 3154 impetu
371 3067 408 3131 ad
424 3066 516 3130 nimia
530 3085 678 3149 pronum,
702 3073 737 3127 nt
759 3074 862 3129 cetera
884 3082 1003 3148 quoque
1018 3065 1077 3129 luit
1089 3062 1153 3129 Lu·

128 3191 225 3236 canus
247 3171 338 3235 irasci
361 3180 392 3233 et
414 3167 557 3232 admirari
578 3165 675 3231 facilis
697 3176 729 3231 et
747 3164 937 3231 immodicus.
970 3162 1076 3248 Quare
1098 3166 1153 3232 vix

127 3274 254 3360 putarim
270 3273 352 3337 inter
364 3269 504 3335 Persium
521 3279 611 3352 atque
625 3265 782 3334 Lucanum
806 3278 921 3332 arctam
935 3269 1153 3339 intercessisse

127 3375 309 3440 amicitiam:
327 3395 388 3438 nou
404 3372 486 3441 cadit
499 3371 531 3434 in
547 3370 626 3435 bunc
641 3370 843 3455 inaequalitas
858 3370 970 3448 animi,
993 3391 1051 3454 qua
1069 3391 1152 3436 nnnc

126 3475 248 3542 Neroni
263 3476 400 3541 addictus
415 3472 561 3539 Lucanus
578 3474 712 3538 carmina
726 3474 759 3537 in
781 3473 848 3538 eius
869 3472 1017 3538 bonorem
1037 3492 1153 3558 pange·

127 3578 180 3643 bat
201 3578 374 3662 nominique
398 3577 464 3641 eius
485 3574 573 3639 loede
596 3575 791 3653 adulabatur,
816 3595 890 3639 mox
911 3574 948 3639 ab
963 3593 1001 3638 ec
1017 3574 1175 3639 offensus·

127 3682 260 3746 carmina
281 3682 428 3766 probrosa
451 3679 483 3742 iu
507 3698 574 3742 eum
597 3677 739 3755 iactavit,
763 3696 938 3760 summaque
959 3675 1081 3760 linguae
1104 3677 1151 3740 iu-

125 3784 327 3868 temperentia
342 3793 449 3848 contm
465 3801 533 3844 eum
547 3779 755 3863 grassabatur.
788 3779 933 3843 Alienum
953 3777 1010 3843 luit
1031 3778 1069 3842 ab
1093 3779 1151 3843 boc

125 3885 249 3950 iervore
272 3895 387 3949 castum
408 3883 616 3967 modicumque
635 3880 790 3966 ingenium
812 3877 933 3958 Persii,
957 3879 1006 3964 qui
1027 3901 1046 3945 a
1066 3880 1150 3947 ritae

160 4038 300 4105 scriptores
318 4039 477 4091 inveniendi.
496 4037 547 4090 lam
566 4037 613 4090 sub
628 4053 656 4090 v.
668 4038 835 4089 mussitem
849 4034 886 4103 (p.
900 4033 963 4101 5d3)
976 4034 1056 4086 dieite
1079 4033 1152 4089 tuse

160 4111 189 4157 st
208 4107 428 4173 Calpurnius
446 4111 475 4158 s'u
492 4109 607 4160 Frcuesi
621 4106 758 4160 comoedia
775 4108 834 4156 uit:
861 4102 937 4168 „tlte
951 4109 983 4155 tu
1005 4108 1150 4157 mmm

159 4180 241 4226 notus
266 4190 366 4241 uquam
386 4179 500 4241 petus.“
534 4175 572 4227 st
591 4177 748 4227 Plautus
765 4177 795 4224 s's
813 4171 948 4224 Baeebs'de
964 4174 1022 4224 sit:
1050 4173 1150 4239 „Effer

159 4246 352 4296 mnasilernorn
377 4259 437 4294 eum
461 4259 533 4310 aquo
544 4245 661 4309 sorss.“
698 4242 763 4294 llum
781 4243 966 4309 huncquoque
984 4239 1067 4292 Persii
1086 4240 1149 4294 ssul-

160 4328 218 4364 aum
236 4313 262 4363 in
280 4311 483 4363 indiscussum
502 4312 623 4363 retulisse
641 4312 770 4379 putandos
788 4312 859 4362 erit?
887 4311 983 4362 Contra
1001 4311 1147 4376 eclogarum

159 4388 259 4448 poetam
284 4380 392 4432 eundem
416 4395 475 4431 esse
497 4382 645 4447 suspicatur
663 4379 855 4434 ll'ernsdorlius
879 4380 972 4448 (pcett.
991 4377 1064 4433 batt.
1082 4380 1145 4432 nis.

160 4457 181 4502 t.
200 4448 222 4502 ll
239 4466 265 4519 p.
283 4451 322 4516 d).
