2574 5054
190 757 264 803 crau
516 732 876 799 recusantibus.

191 926 307 972 summa
328 906 469 971 libertate
490 905 522 969 in
542 905 729 991 disponendo
753 905 872 989 dialogo
895 904 958 981 uti,
991 903 1033 968 ita
1057 913 1091 967 ut
1112 904 1214 987 prouti

190 1009 277 1074 lubet
297 1008 441 1073 adbibeat
468 1019 499 1072 et
524 1007 682 1094 abrumpat
703 1019 736 1073 et
763 1017 869 1093 aperte
895 1006 1036 1070 eximiam
1060 1005 1214 1089 quandam

190 1111 341 1177 recitandi
370 1120 466 1176 artem
497 1111 640 1194 postulet.
687 1107 777 1193 Quod
804 1108 927 1175 omniuo
949 1109 981 1173 iu
1001 1107 1213 1173 Romanorum

189 1214 310 1299 seriptis
335 1213 536 1280 diiudicandis
558 1234 621 1277 uon
642 1214 764 1279 videtur
785 1211 1016 1298 negligendum,
1048 1231 1105 1290 ca,
1128 1221 1213 1296 post-

189 1337 277 1402 quam
292 1317 421 1381 invaluit
434 1317 646 1381 recitationum
669 1337 756 1396 mos,
778 1314 816 1380 ad
837 1314 1069 1400 praelegendum
1092 1312 1214 1398 potissi·

188 1440 268 1484 mum
285 1439 354 1485 esse
369 1419 555 1504 composita,
579 1429 612 1484 et
631 1417 754 1502 legendi
777 1428 875 1483 artem
896 1437 1012 1482 summo
1027 1416 1126 1480 studio
1142 1435 1213 1480 esse

189 1522 342 1586 excultam
365 1522 415 1587 vel
437 1522 500 1606 ipsc
523 1519 650 1586 Persius
666 1521 774 1599 docet,
801 1519 852 1604 qui
867 1529 1037 1604 corruptam
1052 1528 1084 1582 et
1098 1518 1214 1583 cllemi·

189 1636 289 1690 natam
305 1624 469 1689 lectionem
485 1623 664 1709 perstringit
678 1621 719 1708 (1,
736 1622 779 1688 32
793 1622 880 1706 sqq.)
901 1630 923 1685 ¹.

276 1723 394 1809 Quodsi
413 1726 542 1791 vidimus
561 1723 704 1792 Persium
723 1726 755 1790 in
778 1724 881 1790 antima
901 1723 965 1789 auis
979 1724 1098 1789 artificii
1114 1742 1212 1809 genos

188 1828 352 1908 adbibere,
383 1829 462 1912 qnod
484 1829 563 1894 sicut
585 1828 708 1893 omuino
729 1826 871 1893 Romano
899 1826 1025 1912 ingenio
1051 1825 1210 1904 convenit,

187 1932 230 1996 ita
252 1942 325 2002 tunc
347 1931 534 2016 potissimum
557 1931 701 2016 temporis
723 1950 839 1995 summo
860 1929 993 1994 omnium
1008 1930 1115 1995 lavore
1130 1928 1212 1994 acei-

187 2034 344 2120 piebatur‚
367 2035 554 2118 eundemque
569 2035 705 2120 spiritum
720 2032 869 2119 mendam
884 2033 1056 2119 popularem
1072 2043 1211 2098 secutum

187 2158 275 2215 esse,
299 2137 451 2222 quiquam
466 2136 598 2202 maxime
612 2137 729 2203 animos
745 2136 914 2216 demulcet,
930 2135 1029 2201 minos
1044 2135 1104 2199 iam
1119 2132 1211 2199 mira-

185 2241 301 2322 bimur,
326 2241 436 2306 satiras
457 2241 524 2306 eius
545 2251 661 2306 tantum
682 2240 741 2305 sibi
762 2242 898 2305 favorem
913 2239 1014 2304 statim
1030 2237 1210 2306 conciliasse

187 2343 297 2428 diuque
319 2363 475 2408 servasse.
514 2341 701 2428 Quamquam
727 2341 809 2408 enim
834 2342 1006 2426 intelligere
1035 2363 1208 2428 possumus,

185 2445 307 2512 iuvenis
330 2447 462 2511 animum
485 2446 606 2512 virtutis
629 2457 662 2512 et
683 2444 831 2512 libertatis
860 2444 1117 2523 amantissimum,
1147 2454 1210 2509 stn-

187 2548 327 2635 diumqne
342 2549 511 2616 litterarum
527 2550 681 2615 sincerum
696 2559 787 2632 atqua
800 2567 961 2626 severum,
977 2548 1014 2613 iis
1030 2546 1209 2633 praesertim

185 2652 391 2738 temporibus,
414 2673 492 2736 qnae
515 2671 617 2716 mores
640 2661 672 2715 et
691 2651 791 2717 studia
812 2650 939 2717 lascivia
954 2661 986 2717 et
1000 2649 1126 2715 mollitie
1141 2669 1210 2713 cor·

184 2763 274 2838 rupta
294 2752 459 2833 videbant,
489 2755 599 2820 multos
622 2753 740 2839 cepisse
768 2765 800 2820 et
828 2756 983 2833 tenuisse,
1015 2764 1117 2818 tamen
1146 2772 1209 2816 noa

184 2855 261 2919 satis
283 2876 440 2940 possemus
463 2856 586 2935 mirari,
616 2857 814 2942 scriptorem,
844 2859 894 2943 qni
923 2856 1032 2923 merito
1061 2856 1209 2921 obscurus

185 2957 274 3022 nobis
289 2957 426 3040 videtur,
450 2980 536 3043 quem
561 2958 640 3023 baud
661 2959 762 3044 paucis
783 2960 865 3027 vitiis
880 2961 1020 3026 laborare
1035 2976 1208 3042 agnoscen-

186 3061 255 3125 dum
271 3071 335 3139 est,
359 3071 518 3145 tantopere
533 3060 689 3145 probatum
705 3073 736 3126 et
750 3063 902 3129 laudatum
917 3064 1032 3142 luisse,
1054 3060 1080 3126 si
1095 3080 1209 3126 revera

184 3173 245 3228 tam
260 3164 422 3248 singularis
435 3163 610 3248 aequalibus
625 3164 751 3245 luisset,
768 3187 855 3251 qoam
872 3165 957 3230 uobis
972 3186 1053 3230 nunc
1068 3175 1206 3249 apparet.

182 3264 237 3331 Ex
257 3266 313 3346 iis,
338 3287 415 3351 quae
439 3267 593 3349 hucusque
615 3267 763 3352 disputata
786 3279 878 3347 sunt,
908 3267 1084 3353 apparebit,
1107 3265 1208 3332 Persii

183 3367 336 3434 scribendi
362 3379 393 3433 et
418 3371 618 3453 componendi
639 3371 759 3436 modum
783 3371 861 3436 baud
882 3391 943 3435 una
962 3391 996 3434 re
1013 3370 1207 3435 coniunctum

183 3472 278 3536 luism
294 3492 361 3536 cum
376 3471 484 3535 studiis
499 3472 674 3552 litterariis,
699 3493 775 3557 quae
797 3485 869 3538 tunc
891 3472 1054 3557 vigebant,
1078 3493 1207 3556 quorum

182 3575 313 3659 vestigia
334 3572 432 3639 adbuc
455 3575 600 3658 cognosci
620 3586 757 3660 possunt.
796 3572 913 3641 Verum
932 3595 968 3639 ea
984 3595 1102 3660 quoquc
1116 3575 1206 3654 vitia,

183 3697 260 3761 quae
275 3674 407 3741 maxime
421 3675 453 3740 in
468 3672 569 3741 Persii
583 3697 725 3744 sermone
743 3697 800 3742 nos
823 3679 998 3757 ollcnduut,
1022 3678 1205 3760 obscuritas,

183 3800 260 3863 quac
282 3780 373 3846 nimia
394 3780 546 3847 brevitate
561 3782 780 3866 sententiisque
796 3780 928 3866 abruptis
945 3781 1078 3846 maxime
1095 3781 1205 3860 oritur,

182 3881 262 3947 sicut
282 3883 533 3948 translationibus
554 3904 647 3971 supra
670 3885 789 3949 modom
806 3883 990 3965 audacibus,
1012 3883 1205 3968 studiumque

184 3983 284 4048 omnia
306 4006 385 4050 nove
408 3996 497 4069 atque
520 4006 606 4069 quam
621 3985 687 4052 lieri
702 3997 803 4071 potest
818 3986 982 4052 fortissime
999 3985 1204 4071 exprimendi,

186 4105 222 4150 ea
236 4085 330 4169 igitur
343 4086 416 4150 vitia
432 4109 494 4151 non
518 4099 579 4152 tam
600 4087 699 4156 Persii
720 4089 860 4174 propria,
884 4110 972 4174 qnam
993 4087 1089 4158 seculi
1111 4086 1206 4154 luisse

184 4186 327 4274 cognosci
342 4197 461 4273 potest,
485 4209 579 4273 eaque
600 4191 667 4278 ipsa
681 4192 719 4256 ad
734 4192 869 4277 plausum
883 4192 967 4257 illum
983 4187 1206 4257 conciliandum

188 4381 198 4431 l
219 4377 259 4429 Cl.
275 4377 396 4434 titulum,
416 4393 464 4444 quo
484 4377 613 4432 blariua
631 4379 754 4434 Fidens
772 4384 919 4450 praedicat,
938 4399 967 4435 se
979 4383 1060 4434 luisse
1078 4381 1206 4433 betorem

221 4463 311 4500 curram
325 4464 415 4512 mure,
435 4451 592 4515 incorrupto
610 4454 658 4515 qut
669 4452 796 4517 placuere
814 4469 878 4505 cocu
896 4452 977 4522 (spec.
997 4452 1077 4521 epigr.
1092 4466 1116 4520 p.
1132 4449 1204 4514 toa).
