2574 5054
473 706 837 773 PMLEGOHENA.
1083 732 1166 779 exer

131 894 204 941 ιιι
218 885 312 942 recta
326 885 361 941 et
373 876 567 942 cumindicio
582 877 732 963 egissem,
749 889 781 943 et
794 877 963 963 ubicunque
977 896 1163 963 peccassem,

131 999 185 1043 res
199 978 235 1042 in
250 977 405 1064 integrum
424 979 546 1043 restitui
566 989 681 1064 posset.

220 1077 374 1145 Codicum
388 1080 488 1159 ratio,
509 1079 548 1146 de
563 1102 621 1165 qua
636 1081 726 1145 modo
748 1082 895 1167 exposui,
919 1082 1075 1147 molestias
1091 1084 1164 1149 iacit

132 1183 266 1260 critico,
289 1203 367 1266 quae
382 1202 450 1247 cum
464 1182 496 1244 in
511 1181 721 1264 gravioribus,
746 1183 797 1247 ubi
819 1184 919 1247 omnia
940 1184 1165 1248 consideranda

133 1295 165 1349 et
179 1283 379 1368 ponderanda
392 1292 484 1361 sont,
507 1283 624 1366 utquid
639 1297 756 1350 rectum
774 1286 815 1350 sit
828 1287 1004 1350 inveniatur
1018 1295 1051 1349 et
1064 1286 1163 1349 firme-

133 1395 205 1463 tur,
229 1386 330 1450 niam
343 1385 535 1464 sentiantur,
557 1385 689 1450 maxime
711 1387 742 1450 in
764 1387 890 1451 minoris
911 1387 1056 1451 momenti
1071 1387 1163 1452 rebus

132 1507 192 1551 ιιι
221 1486 371 1564 veniunt,
399 1487 432 1551 in
461 1486 568 1570 quibus
597 1487 629 1551 iu
658 1498 816 1571 utramque
847 1488 1018 1572 plerumque
1047 1497 1163 1572 partem

135 1588 229 1653 muita
251 1587 397 1674 disputari
419 1597 566 1673 possunt,
590 1588 649 1653 nisi
670 1610 688 1653 a
710 1589 799 1653 codd.
823 1591 1005 1655 auctoritate
1029 1592 1161 1655 ultimam

133 1689 288 1755 rationem
303 1701 409 1774 petere
424 1691 507 1755 dicet.
541 1690 642 1773 Atque
657 1690 706 1755 hio
722 1691 828 1768 doleo,
852 1693 929 1774 qnod
947 1713 1028 1756 nnnc
1043 1694 1161 1757 demum

135 1792 205 1855 eod.
224 1791 315 1856 Rom.
331 1792 480 1858 lectiones
495 1791 565 1855 mihi
581 1793 790 1857 innotuerunt.
820 1791 901 1855 Nam
918 1815 985 1857 cum
1002 1795 1070 1857 cod.
1087 1793 1159 1880 Mp.

134 1894 217 1957 solas
231 1914 286 1957 vr.
302 1895 335 1958 ΙΙ.
353 1903 493 1958 enotatas
508 1892 668 1974 haberem,
686 1915 747 1958 non
762 1895 843 1978 potui
861 1895 931 1958 mihi
947 1896 1016 1960 inde
1033 1897 1159 1978 codicis,

134 1997 216 2060 unde
238 1996 347 2061 doctus
368 2006 455 2073 erat,
478 2007 647 2060 accuratam
672 1995 832 2080 imaginem
855 2009 1105 2079 repraesentare,
1129 2009 1162 2064 et

133 2097 163 2161 iu
185 2098 244 2162 hac
266 2118 404 2162 erroro·
427 2098 514 2182 copia
537 2099 644 2161 dubius
667 2097 772 2174 haesi,
795 2097 864 2181 quid
887 2098 924 2161 ad
947 2098 1158 2183 archetypum,

132 2199 201 2282 quid
219 2200 257 2263 ad
275 2199 475 2265 describentis
491 2199 606 2283 culpam
621 2199 816 2265 referendum
833 2211 927 2264 esset.
957 2196 1004 2262 De
1027 2200 1083 2264 hac
1106 2222 1160 2265 an·

131 2311 193 2364 tem
209 2321 245 2364 re
263 2299 320 2363 iam
336 2301 449 2367 certius
464 2312 565 2386 potest
579 2301 723 2378 iudicari,
748 2322 805 2365 nec
827 2302 917 2364 nilum
940 2300 1058 2365 dubium
1076 2321 1158 2380 esse,

131 2402 204 2486 quin
226 2403 362 2481 codicis,
386 2425 429 2468 ex
450 2425 508 2486 quo
532 2404 674 2488 descripti
697 2413 788 2481 sunt,
820 2403 987 2481 lectiones,
1011 2413 1158 2486 quatenus

130 2525 187 2589 per
215 2504 325 2569 horum
352 2505 426 2569 vitia
456 2506 600 2590 cognosci
630 2516 662 2568 et
688 2504 808 2568 restitui
831 2514 976 2586 possunt,
1008 2505 1158 2568 maximae

130 2607 325 2670 auctoritatis
339 2607 412 2671 sint.
436 2605 516 2671 Nam
533 2609 580 2685 is,
604 2609 636 2670 in
658 2616 800 2689 quantum
816 2605 1020 2688 redintegrari
1036 2604 1158 2669 anobis

132 2718 253 2793 potest,
277 2708 409 2771 omnium
432 2720 478 2772 est
497 2708 734 2793 antiquissimus.
772 2705 847 2771 Cum
864 2728 938 2772 vero
956 2708 992 2770 de
1009 2707 1073 2771 eius
1089 2727 1157 2771 cor·

130 2810 260 2894 ruptedis
280 2819 396 2872 tantum
417 2811 513 2874 adhuc
535 2831 636 2875 sermo
659 2811 783 2886 inisset,
814 2809 861 2873 hio
889 2809 1031 2885 sufficiat,
1061 2830 1157 2892 pauca

130 2911 274 2995 exempla
289 2911 412 2990 afferre,
428 2911 480 2975 nbi
495 2913 656 2996 genuinam
671 2912 846 2988 lectionem,
862 2911 893 2973 io
906 2910 1154 2994 plerisquecodd.

130 3015 227 3095 magis
244 3013 381 3077 minusve
398 3014 609 3090 obscuratam,
633 3013 815 3077 auctoritate
830 3033 883 3076 suu
901 3013 1040 3075 firmavit.
1069 3009 1154 3074 Prol.

129 3137 162 3178 v.
182 3113 225 3177 14
245 3125 357 3178 nector
376 3126 461 3180 reete
485 3114 611 3179 exhibet
633 3137 686 3199 pro
710 3136 767 3193 eo,
792 3115 869 3197 quod
889 3114 1049 3198 plerosque
1065 3113 1153 3176 codd.

129 3217 245 3280 invasit
259 3217 373 3292 melos,
398 3214 440 3295 V,
456 3215 500 3281 25
524 3238 590 3280 cum
605 3217 709 3300 paucis
725 3219 876 3290 tectoria,
901 3226 932 3279 et
954 3211 1011 3292 Vl,
1028 3212 1049 3277 6
1064 3235 1155 3300 egre

127 3321 204 3403 gius
227 3317 337 3394 habet,
365 3341 443 3402 qnae
466 3319 616 3383 lectiones
638 3318 746 3382 dubiae
770 3320 835 3381 fere
857 3317 1046 3381 auctoritatis
1069 3317 1155 3380 visae
1226 3322 1229 3327 ’

130 3429 220 3496 suot,
246 3431 278 3483 ut
293 3421 402 3485 multos
417 3421 502 3485 locos
518 3441 599 3484 nnnc
615 3430 749 3496 taceam,
773 3419 879 3502 quibus
900 3440 965 3483 cum
982 3419 1048 3483 aliis
1065 3419 1152 3482 codd.

130 3523 270 3604 optimam
292 3521 452 3586 lectionem
474 3530 579 3586 servat
598 3528 620 3582 ¹.
658 3518 693 3584 lu
714 3522 913 3585 recensendis
932 3521 1025 3603 igitur
1045 3530 1154 3604 poetae

130 3624 235 3686 verbis
262 3622 349 3687 huius
365 3624 435 3688 eod.
452 3634 484 3688 et
498 3624 524 3688 si
540 3622 589 3707 qui
605 3623 642 3687 ad
659 3643 726 3686 cum
742 3624 892 3688 accedunt
913 3643 1029 3688 summa
1050 3633 1155 3686 aucto·

129 3727 204 3790 ritas
228 3744 298 3788 esse
320 3725 461 3802 videtur,
492 3745 617 3807 eamque
640 3735 762 3788 secutus
786 3714 867 3789 nuuc
889 3726 1035 3809 quaedam
1065 3724 1157 3788 aliter

130 3828 361 3891 constituerem.
398 3822 445 3890 lta
468 3821 495 3905 1,
518 3824 559 3889 57
580 3825 784 3910 recipiendum
805 3836 853 3891 est
868 3835 1022 3912 protenso
1044 3846 1061 3889 e
1083 3826 1152 3888 cod.

129 3929 200 4015 Mp.
224 3927 336 4003 Rom„
364 3930 443 4011 qnod
467 3926 575 3992 suadet
594 3949 654 3991 oon
678 3927 882 4014 Hieronymus
904 3928 1020 4005 solum,
1044 3928 1098 3992 sed
1123 3937 1155 3992 et

129 4028 328 4108 Priscianus,
352 4050 528 4113 quamquam
551 4030 599 4094 nic
616 4040 763 4115 protento
786 4030 887 4095 hebet.
918 4030 1092 4093 Proteum
1113 4050 1152 4093 an

129 4134 270 4198 usitatum
292 4133 351 4207 sit,
376 4132 501 4211 nescio,
525 4141 631 4195 tensus
651 4143 735 4196 certe
755 4143 814 4196 est.
846 4128 870 4208 Ι,
886 4130 948 4218 Ι111
966 4133 1151 4214 praeferrem

131 4255 211 4299 nuno
227 4254 331 4327 omnes
345 4254 449 4297 omnes
464 4234 532 4297 loco
548 4254 651 4297 omncs
665 4235 788 4297 etenim.
822 4230 938 4297 Dubius
954 4244 1052 4296 autem
1073 4252 1151 4310 sum,

131 4390 143 4442 ι
163 4389 205 4440 cr.
226 4387 247 4452 ι,
267 4388 311 4441 as.
331 4389 374 4442 co.
394 4389 437 4443 ιι.
457 4388 500 4451 ιιι,
521 4389 547 4442 o.
566 4386 610 4453 ιν,
630 4389 656 4441 o.
674 4387 707 4453 v,
727 4389 768 4440 ιι.
789 4386 832 4440 ιι.
854 4385 919 4515 ¹⁰⁵1}
930 4385 993 4486 prs.
1014 4387 1072 4441 ns.
1087 4393 1150 4437 aaut.
