2574 5054
202 766 325 810 axxvrrr
524 738 889 809 l’llOLEGOllllNA.

201 912 274 1000 (lll,
289 910 369 996 261)
399 913 487 978 allert
515 913 571 979 bos
591 934 703 980 versus
726 911 865 979 Neronis
881 933 904 978 o
924 908 1002 978 libro
1023 910 1141 996 primo,
1165 931 1228 974 non

201 1019 303 1084 addito
317 1016 460 1082 carminis
474 1016 581 1081 titulos

329 1135 450 1221 Quique
466 1146 653 1222 pererratam
669 1134 832 1200 subductus
847 1132 977 1200 Persida
991 1132 1098 1219 'ligris

328 1237 469 1318 Deserit,
493 1249 525 1303 et
538 1238 630 1325 longo
646 1249 796 1303 terrarum
811 1248 925 1302 tractus
940 1236 1024 1301 biatu

330 1340 443 1406 Reddit
459 1342 609 1426 quaesitas
625 1341 684 1404 iam
700 1362 761 1404 nou
777 1339 991 1424 quaerentibus
1006 1338 1117 1404 undas.

203 1445 325 1514 Seneca
339 1442 484 1531 (Quaest.
502 1453 578 1507 natt.
588 1439 659 1524 tt)
675 1441 833 1527 magnilica
849 1441 950 1506 laudat
965 1440 1043 1506 buuo
1059 1462 1202 1506 versum:

329 1545 417 1614 Colla
433 1544 634 1632 Cytheriacae
650 1545 814 1630 splendent
827 1545 941 1629 agitata
956 1543 1125 1609 columbae.

202 1648 341 1736 Denique
356 1650 387 1713 in
398 1647 538 1714 Suetonii
554 1649 615 1713 vita
624 1645 741 1712 Lucani
755 1658 909 1714 servatum
925 1657 973 1713 est
983 1645 1223 1712 hemisticbiumr

328 1751 391 1817 Sub
409 1753 498 1816 terris
515 1751 650 1815 tonuisse
664 1759 763 1836 pules.

201 1870 319 1955 Quodsi
343 1871 417 1936 baec
440 1891 515 1955 quae
537 1871 574 1934 de
594 1868 723 1934 Nerone
746 1881 837 1955 poeta
859 1868 1079 1956 composuimus
1102 1890 1172 1934 cum
1187 1868 1225 1933 iis

201 1976 359 2051 conseras,
378 1994 454 2056 quae
469 1970 595 2038 Persius
611 1995 698 2056 qnam
715 1973 845 2037 maxime
861 1973 997 2059 notavit,
1018 1970 1104 2035 vides
1119 1971 1225 2034 omnia

200 2077 244 2141 ita
266 2076 452 2153 convenire,
476 2085 509 2138 ut
532 2076 685 2139 latendum
707 2075 766 2154 sit,
791 2096 853 2138 non
875 2075 1008 2159 potuisse
1031 2092 1099 2136 euru
1121 2073 1224 2160 aptius

200 2190 231 2244 et
245 2179 390 2243 illustrius
407 2177 575 2259 exemplum
599 2175 730 2259 eligere,
760 2164 792 2239 iu
813 2196 870 2260 quo
893 2174 1133 2263 perversitatem
1148 2186 1225 2239 tem·

199 2303 305 2367 porum
322 2281 496 2362 castigaret.
521 2273 597 2341 Cum
613 2298 774 2363 proceres,
798 2280 848 2362 qui
863 2278 948 2344 crudi
963 2276 1089 2360 elegidia
1106 2277 1225 2342 dietant

201 2385 249 2465 (v.
268 2381 342 2461 51),
367 2393 399 2446 et
419 2378 539 2444 Graece
563 2381 670 2463 nugari
692 2380 772 2444 soliti
787 2379 832 2466 (v.
850 2379 893 2444 70
908 2392 939 2445 et
954 2378 1009 2466 56)
1025 2379 1135 2444 beruas
1151 2400 1224 2444 scu·

200 2505 252 2550 sus
267 2485 397 2548 aderunt
413 2484 458 2564 (v.
475 2480 549 2564 69),
575 2502 698 2565 quorum
714 2504 857 2549 versuum
873 2483 979 2547 molles
995 2492 1025 2545 et
1039 2481 1224 2548 artificiosus

200 2608 343 2652 numeros
375 2586 507 2650 celebrat
535 2585 659 2669 populns
688 2583 734 2670 (v.
762 2582 803 2649 63
820 2608 886 2670 sqq.
916 2582 1076 2670 ttsqq.)‚
1113 2584 1223 2668 quibus

199 2711 306 2754 verum
331 2687 422 2751 animi
445 2688 585 2772 impetum
608 2698 640 2752 ct
659 2688 795 2771 vigorem
818 2688 925 2753 deesse
954 2688 1089 2772 queritur
1115 2699 1221 2770 poeta,

200 2791 300 2855 auinro
317 2789 370 2853 tibi
385 2800 618 2874 repraesentas,
642 2811 744 2855 uonna
767 2789 873 2855 borum
895 2789 1037 2855 eximium
1053 2790 1225 2876 exemplum

200 2912 269 2958 esse
285 2889 442 2956 Neronem
458 2893 686 2957 concedendum
710 2902 776 2973 ast,
801 2893 880 2977 quod
903 2889 1013 2957 Persio
1034 2891 1224 2977 potissimum

200 3004 271 3058 auto
294 2994 397 3059 oculos
412 2995 533 3060 versari
550 2995 707 3060 debuerit?
733 2996 824 3060 Adde
845 2994 995 3060 recitandi
1010 2995 1161 3076 studium,
1186 2996 1224 3061 de

199 3118 257 3181 quo
274 3097 366 3161 tradit
382 3094 547 3161 Suetonius
563 3095 657 3183 (Ner.
676 3096 750 3183 10):
775 3097 931 3162 Recitavit
953 3105 985 3160 ct
1002 3097 1145 3160 coracina
1159 3119 1223 3163 noa

199 3199 287 3264 modo
311 3198 412 3275 douai,
435 3200 494 3263 sed
513 3208 545 3263 et
565 3200 597 3262 ia
614 3199 737 3263 tlteatro
756 3209 842 3264 tanto
859 3200 1069 3263 aaabersorum
1085 3198 1223 3275 laetitia,

199 3311 236 3365 ut
263 3301 300 3364 ob
328 3304 541 3365 recitationem
569 3300 758 3386 supplicatio
781 3300 908 3367 decreta
931 3303 993 3378 sil,
1025 3321 1122 3389 eaque
1137 3322 1224 3387 para

200 3406 370 3468 carminum
393 3405 498 3467 aureis
519 3405 635 3467 litteris
655 3403 728 3467 Ioui
748 3394 924 3489 Capitolr'ao
946 3402 1052 3467 dicata
1078 3403 1131 3488 (cl.
1160 3400 1223 3469 Dio

200 3501 238 3570 C.
255 3501 445 3591 Lx11,29>.
478 3504 577 3570 Porro
594 3515 665 3568 uota
681 3515 728 3569 cst
744 3527 817 3570 cura
832 3517 921 3590 atque
938 3505 1110 3590 diligentia,
1133 3527 1224 3589 quam

198 3608 334 3673 adhibuit
355 3605 442 3672 Nero
465 3609 497 3672 iu
521 3599 596 3674 vo'oe
617 3607 781 3672 artilioiose
798 3609 989 3688 excolenda,
1014 3609 1051 3672 de
1066 3630 1123 3692 qun
1139 3608 1221 3675 idem

200 3705 367 3775 Suetonius
389 3710 483 3794 (Ner.
502 3734 531 3778 o.
548 3709 603 3792 20,
628 3732 704 3793 quae
730 3710 935 3796 transscripsit
950 3708 995 3774 lo.
1014 3707 1139 3776 Saresb.
1159 3712 1221 3796 pol.

198 3809 225 3891 Ι,
242 3814 296 3894 7)ι
325 3813 478 3899 Terpnum
499 3812 709 3878 citharoedum
728 3816 884 3899 uigentem
905 3824 980 3879 tanc
992 3821 1126 3899 praeter
1138 3813 1224 3880 alios

198 3917 376 3989 mercavit,
407 3916 575 4003 diebusque
604 3918 820 4002 continuasque
847 3925 924 4002 post
950 3936 1074 3981 coenam
1097 3919 1227 3981 canenti

198 4016 231 4078 in
252 4017 379 4080 maltam
401 4029 521 4082 noctem
550 4019 712 4098 assidens,
742 4020 909 4105 paullatim
936 4028 966 4084 et
987 4021 1054 4105 a'psa
1073 4015 1227 4083 meditari

198 4119 404 4203 emeroerique
425 4123 543 4205 coepit,
566 4144 624 4186 aec
642 4144 747 4186 eoram
770 4124 934 4209 quicquam
957 4123 1114 4199 carattere,
1139 4141 1223 4206 quae

196 4221 326 4306 generas
347 4221 414 4283 eius
436 4221 576 4305 artifices
606 4226 658 4289 ael
684 4225 916 4290 conservandae
944 4226 1030 4289 ooca's
1053 4244 1151 4287 causa
1173 4224 1227 4289 ael

198 4320 363 4408 magendae
373 4320 580 4406 factitarent.
604 4325 671 4391 Sed
691 4336 724 4391 et
737 4326 913 4414 pluraleam
934 4326 1074 4391 obortam
1088 4327 1223 4412 saepibus

193 4434 322 4511 pectore
345 4429 520 4505 uastauere,
544 4436 575 4492 et
597 4430 733 4515 clystere
754 4433 930 4517 vomituque
946 4432 1091 4516 purgari
1109 4440 1141 4494 ct
1166 4429 1223 4494 ab·
