2574 5054
408 710 412 717 ’
454 745 816 814 rounncounnn.
1085 779 1147 820 m

148 911 208 997 ugit,
222 913 275 980 ullo
288 914 377 980 moin
393 917 559 984 coniuncte
574 937 645 984 esse
662 918 794 985 siletur.
821 918 862 985 llt
876 923 998 988 omuino
1013 926 1044 989 in
1061 927 1144 993 hisee

145 1015 224 1082 utin
242 1017 359 1097 satiris,
388 1021 468 1103 qnod
490 1021 528 1085 etl
550 1020 676 1085 amicum
698 1020 784 1085 initio
805 1023 955 1107 loquitur,
979 1028 1008 1092 iel
1032 1031 1144 1096 nullam

142 1117 190 1182 rin
214 1132 337 1186 exercet
364 1121 397 1185 in
425 1123 576 1188 rationem
605 1120 802 1207 modumque,
839 1146 898 1209 quo
934 1143 1143 1211 argumentum

138 1231 252 1296 tacut,
273 1223 327 1289 setl
351 1235 492 1309 tanqum
513 1226 659 1310 quaedam
682 1211 832 1311 ptuelntio
854 1229 1046 1314 disputationi
1061 1232 1093 1296 in
1108 1253 1143 1301 se

135 1321 276 1389 nntius
290 1326 495 1410 proemittitur
513 1335 536 1390 ¹.
572 1325 680 1401 Tertio
696 1350 817 1413 qnoque,
828 1331 942 1409 setino,
966 1355 1143 1418 quamquam

133 1425 182 1488 ute
200 1438 413 1511 argumentum
440 1429 552 1508 lebet,
583 1430 660 1513 quoti
690 1431 780 1496 letius
800 1434 841 1496 iu
872 1433 1011 1499 diversus
1040 1448 1143 1521 pnrtes

132 1528 244 1614 erugari
263 1528 347 1594 must
366 1543 484 1617 poetam
506 1542 540 1596 et
558 1536 690 1611 luctuose
719 1532 851 1617 speciem
882 1535 1047 1616 exhibeat,
1071 1559 1141 1624 pro·

130 1628 197 1694 lecto
213 1640 313 1695 temen
329 1653 417 1717 quam
433 1633 564 1699 maxime
581 1645 628 1699 est
643 1655 685 1698 ex
707 1633 873 1701 stoicorum
896 1637 1071 1722 discipline,
1094 1641 1141 1703 iu·

130 1729 212 1815 lepus
234 1732 388 1797 lominum
408 1734 554 1801 desidium
575 1746 681 1813 texet,
705 1758 783 1820 qus,
807 1759 873 1802 cnm
896 1759 950 1803 sun
972 1741 1046 1804 vitiu
1062 1740 1142 1807 haul

128 1834 277 1916 ignorent,
301 1835 468 1921 meliusque
490 1838 639 1922 quotidem
662 1840 849 1921 sequendum
873 1860 942 1906 esse
957 1841 1140 1925 intelligunt,

129 1944 216 2001 tenen
240 1939 392 2003 deteriora
416 1940 637 2024 amplectentur
657 1941 856 2027 propriosque
879 1944 1015 2008 delectus
1039 1963 1141 2009 emen-

129 2035 189 2103 lrre
204 2039 374 2124 negligant.
399 2041 500 2125 Atque
515 2042 590 2107 lineo
605 2053 783 2128 argumento
798 2041 942 2120 Persius,
962 2064 1140 2129 quamquem

130 2158 157 2202 en
168 2161 202 2206 re
216 2141 373 2207 satirico·
388 2161 422 2208 se
436 2144 593 2227 professus
608 2155 674 2224 est,
690 2147 769 2229 qnod
785 2144 857 2211 uitio
873 2146 971 2230 potius
987 2148 1140 2212 hominnm

130 2243 394 2327 etperuersitntem
409 2243 633 2324 insectaretur,
656 2268 744 2331 quam
759 2247 936 2331 simpliciter
950 2269 1055 2314 verum
1071 2249 1140 2334 quid

130 2342 160 2405 sit
174 2346 318 2424 inseret,
341 2345 382 2409 ite
404 2347 566 2426 insolevit,
590 2358 624 2412 ut
645 2349 719 2413 telis
742 2344 839 2415 Stoici
854 2351 885 2413 iu
902 2349 1014 2415 scholis
1030 2361 1140 2415 tructe-

132 2443 189 2510 lsut
205 2455 227 2508 ².
265 2445 309 2513 lli
331 2448 411 2513 enim
438 2449 476 2514 etl
497 2449 624 2516 etlrioem
644 2451 776 2516 menime
798 2451 1002 2538 philosophiae
1024 2462 1139 2537 purtem

134 2633 267 2689 lPrseivit
292 2635 361 2687 hunc
385 2639 482 2689 unicos
506 2637 652 2705 alloquendi
677 2654 771 2690 morem
797 2639 875 2690 etium
899 2637 1033 2698 Lucilius,
1064 2651 1139 2705 quem

157 2714 254 2771 prester
277 2706 437 2758 Albinum
462 2705 540 2759 etism
570 2707 701 2759 Aelium
729 2708 896 2760 Stilonem
921 2714 947 2758 et
977 2705 1138 2759 Fundiutn

156 2775 289 2826 uiuentem
319 2790 376 2826 esse
405 2783 507 2826 constet
534 2776 572 2838 (v.
600 2775 744 2828 lieusslel.
769 2776 788 2828 l.
816 2793 841 2844 p.
867 2775 939 2838 ²55).
979 2774 1016 2827 De
1033 2775 1139 2827 llorstio

157 2857 193 2894 tes
218 2852 290 2895 sets.
322 2842 451 2910 Epistulas
469 2845 546 2895 hosce
568 2843 651 2896 Persii
676 2846 772 2896 sstirss
796 2847 880 2912 potins
906 2844 1030 2896 nominari
1055 2843 1140 2895 voluit

157 2911 337 3030 pensiones,
372 2915 457 3045 optuit
479 2911 700 2978 llos-gensternius
723 2914 766 2979 (de
795 2920 846 2967 set.
872 2919 951 2980 utque
973 2913 1050 2982 epist.
1076 2912 1139 2964 llor.

170 2983 230 3033 iser.
249 2998 276 3050 p.
297 2983 404 3048 52η..

134 3062 217 3131 licii
235 3066 303 3134 quod
320 3068 411 3118 stoicis
429 3068 539 3120 etliossn
557 3065 698 3125 doetrinsm
712 3068 831 3119 versibus
847 3067 1060 3134 comprehendere
1072 3066 1139 3118 ltuud

158 3135 283 3187 insolitum
303 3136 369 3201 lnit3
395 3152 420 3188 u.
440 3152 504 3204 quse
521 3137 663 3204 composuit
679 3135 825 3188 lleinslius
843 3136 917 3201 (list.
945 3151 982 3187 cr.
1006 3152 1071 3187 eom.
1098 3150 1138 3198 gr.

158 3203 234 3269 presi.
253 3221 281 3273 p.
301 3203 339 3257 lx
351 3207 432 3272 supp).
463 3204 539 3258 'l'slis
564 3206 624 3272 quin
649 3205 676 3255 in
695 3204 810 3257 Persium
829 3206 880 3256 vim
898 3205 1026 3271 quendem
1044 3202 1140 3255 hebue-

159 3274 222 3332 rint,
247 3274 295 3324 vix
318 3275 414 3341 peterit
431 3274 562 3338 debitori,
588 3288 741 3341 quemquern
763 3276 813 3326 ion
838 3274 987 3325 occuratins
1013 3273 1044 3324 tle
1062 3287 1092 3323 es
1112 3288 1140 3322 re

159 3342 217 3392 sitit
242 3342 307 3393 licet
327 3343 444 3394 deluit-e.
473 3342 541 3395 lllusl
559 3357 623 3394 vero
640 3343 862 3394 soimnduersinnc
884 3342 1003 3407 (lignum,
1030 3342 1095 3408 qnod
1115 3342 1141 3392 hi

158 3426 250 3477 pesque
268 3411 364 3476 dialogi
382 3412 464 3463 inunt
481 3412 584 3480 sscpius
602 3410 644 3461 usi
661 3419 730 3463 suut.
763 3411 880 3463 Pertinet
897 3411 963 3461 euim
983 3412 1029 3461 lroe
1046 3410 1077 3460 sd
1097 3424 1142 3460 ex-

158 3479 296 3544 plicuris·
318 3480 435 3532 Persisni
458 3481 553 3545 dialogi
571 3481 713 3543 ustionem,
741 3480 773 3531 tle
791 3494 841 3548 qun
859 3478 982 3530 Psssovio
1001 3485 1141 3546 praeeunte

158 3550 240 3613 pessis
256 3549 402 3600 sonuimus
419 3550 464 3616 (sd
482 3550 503 3614 l,
522 3552 556 3604 ll
573 3566 599 3617 p.
612 3549 667 3613 st).
696 3549 793 3615 Quodsi
812 3551 848 3600 itu
867 3548 996 3613 ‹lislogunu
1014 3547 1139 3601 instituit.

159 3618 379 3670 tritemorian
396 3619 446 3670 sibi
464 3619 545 3684 linget
568 3633 616 3669 nou
639 3633 713 3678 eunt,
741 3619 784 3684 qni
802 3625 898 3668 certem
921 3631 1054 3682 personent
1081 3622 1140 3679 eget

159 3683 329 3754 tuine-que
343 3689 468 3753 quendem
482 3693 676 3755 repraesentet,
695 3687 738 3737 setl
752 3687 796 3753 qni
809 3686 892 3736 omnin
905 3700 953 3747 cs,
972 3698 1140 3750 quaecuuque

158 3753 301 3821 inpugna,
325 3757 539 3823 comprehendet,
564 3756 649 3807 simile
672 3757 732 3822 qnicl
756 3758 783 3806 in
807 3755 878 3805 hisce
902 3753 1012 3817 dialogis
1030 3752 1140 3818 philoso-

159 3824 233 3888 plieis
247 3825 332 3876 locun
350 3825 472 3876 habuisse
489 3826 603 3876 uitetur.
625 3822 713 3890 Neque
725 3829 810 3874 temen
822 3822 1000 3887 negligendum
1013 3827 1068 3882 est,
1087 3819 1141 3870 slin-

158 3890 260 3956 logium
280 3892 386 3944 tomum
405 3893 533 3962 proprium
549 3908 608 3946 esse
625 3893 724 3944 sstirse
741 3891 888 3953 Romanae,
913 3896 940 3940 et
966 3890 1033 3939 sient
1058 3888 1141 3939 omnis

157 3958 206 4012 lene
224 3963 292 4029 spui
311 3977 356 4013 ees
374 3962 504 4031 popularis
521 3963 607 4029 poesis
624 3962 726 4013 ulturno
743 3960 846 4011 nmsbst
867 3958 914 4023 (ci.
928 3957 1031 4018 Mueck,
1044 3957 1075 4008 sle
1088 3956 1140 4006 leb.

157 4029 230 4081 tuett.
247 4033 376 4098 μαψ),
396 4033 433 4082 its
452 4047 513 4099 pres
531 4030 625 4083 ceteris
642 4030 742 4090 sstirs,
762 4030 827 4095 quod
847 4029 872 4078 in
891 4027 1008 4078 omnibus
1027 4023 1142 4077 satiricis

157 4100 236 4164 poetis
253 4099 317 4150 lieet
333 4101 484 4153 observare.
504 4099 636 4152 lisoius
655 4098 794 4151 interulis
812 4094 929 4147 Mortis
947 4103 1025 4161 etque
1043 4093 1142 4146 Vitnc

156 4167 308 4235 colloquium
326 4171 417 4220 scuris
435 4170 548 4221 inseruit
564 4167 667 4234 (Quint.
686 4165 734 4228 tx,
747 4165 848 4231 mi),
868 4165 935 4231 qood
952 4165 1071 4225 congruit
1085 4176 1141 4211 curn

158 4235 200 4286 ills
223 4237 407 4289 ctesntttn
431 4236 525 4304 θυμοῦ
551 4246 578 4289 ct
602 4234 745 4304 Λογισμυῠ
770 4235 871 4296 dialogo
897 4232 977 4300 (opud
1001 4230 1092 4282 Gelon.
1112 4230 1143 4276 dc

158 4303 220 4355 Pist.
247 4312 274 4356 et
293 4305 368 4374 llipp.
389 4307 399 4359 l
417 4323 442 4375 p.
464 4307 513 4360 140
526 4307 555 4357 Β.
585 4304 698 4358 lleiuek.
718 4303 737 4354 l.
756 4304 776 4354 l.
797 4320 820 4370 p.
840 4300 911 4364 Xll).
938 4299 1066 4351 Lucilium
1094 4312 1141 4378 ⁰.⁰¹'

156 4373 312 4426 abstinuisse
344 4376 446 4442 dialogo
470 4375 594 4426 vitentur
619 4375 762 4438 fragments
794 4372 990 4430 demonstrnrs3
1021 4367 1145 4417 llnrntros

158 4450 180 4491 et
205 4441 336 4496 luvenalis
360 4452 458 4512 qusnts
476 4459 533 4497 eunt
557 4444 678 4496 libertate
703 4443 751 4493 tnc
776 4440 856 4492 icrunt
885 4441 925 4490 usi
953 4440 1025 4498 siut,
1055 4441 1143 4502 pstots

186 4533 304 4576 MSIUS.
919 4525 936 4566 θ
