2574 5054
462 791 824 858 Pnouttuotturm.
1066 819 1158 863 xxm

84 993 88 1029 a
165 959 228 1028 leudi
257 965 331 1030 ratio
367 963 440 1028 iude
475 964 626 1049 pendeat:
668 961 794 1049 taqua
825 984 861 1030 re
890 966 1064 1033 accuratius
1093 970 1153 1035 erit

84 1091 86 1103 i
162 1069 331 1133 larundam.

216 1169 331 1254 Quodsi
345 1170 390 1234 ita
398 1165 540 1234 Persium
556 1169 798 1235 doctissimorum
813 1182 886 1236 tuno
902 1174 1047 1259 temporis
1062 1183 1152 1258 atque

151 1272 361 1339 drrbsimoruuu
382 1282 613 1358 praeceptorum
627 1271 819 1338 institutione
835 1275 972 1358 gavisum
988 1296 1057 1340 ease
1073 1277 1151 1341 vidi·

147 1395 212 1454 ια,
232 1375 313 1441 idem
336 1375 530 1458 egregiorum
551 1385 583 1438 et
603 1373 736 1440 moribus
757 1374 940 1459 ingenioque
957 1377 1152 1442 excellentis·

144 1478 329 1562 duorumque
343 1478 478 1542 virorum
494 1477 714 1541 consuetudine
729 1498 801 1542 usus
817 1488 883 1557 eat,
908 1499 985 1562 quae
1007 1489 1149 1562 quantam

142 1584 187 1647 rin
204 1585 240 1647 ad
264 1583 333 1646 eins
354 1579 488 1645 ammom
509 1579 698 1643 formandum
721 1581 907 1644 contulerint
932 1565 1021 1645 laoile
1050 1583 1151 1664 potest

140 1685 263 1768 rogitari.
288 1681 406 1747 Horum
422 1683 581 1766 plerosque
595 1702 651 1768 per
666 1679 834 1746 Cornutum
851 1684 1013 1768 coguovit:
1037 1683 1070 1746 iu
1086 1682 1150 1765 qui·

84 1842 86 1873 i
138 1785 180 1851 buu
193 1789 254 1851 duo
270 1794 469 1850 numerantur
482 1782 561 1862 viri,
585 1804 660 1867 quos
681 1784 941 1849 sanctissimorum
963 1795 994 1848 et
1010 1784 1150 1848 doetissi-

136 1909 238 1953 nomm
261 1889 353 1953 laude
376 1897 488 1951 mactat
509 1887 592 1952 vitae
613 1898 740 1967 auctor,
770 1896 801 1951 et
828 1908 895 1951 oum
924 1886 979 1951 sub
1011 1884 1150 1951 Cornuto

135 1993 269 2076 uagimm
283 1989 399 2055 aeriter
410 1987 685 2074 pbilosopbasseut‚
701 2009 805 2054 eorum
822 1990 965 2055 oouriotu
978 2011 1063 2054 naum
1079 2009 1148 2054 asse

134 2087 263 2157 Persium
284 2102 410 2167 narrat,
434 2092 485 2176 qui
507 2110 611 2155 eorum
635 2092 735 2156 studio
757 2091 916 2178 flagrabat.
953 2090 1070 2156 Horum
1093 2111 1149 2155 no-

134 2195 202 2259 uiua
222 2194 337 2258 iniuria
359 2192 550 2258 librariorum
572 2205 713 2285 corrupta
729 2194 802 2259 linet
815 2194 934 2278 quidem
950 2214 1147 2259 summarum

135 2297 337 2382 probabilitate
352 2297 534 2375 restituere,
550 2307 673 2380 praeter
687 2296 763 2360 baeu
782 2317 858 2362 vero
874 2296 1029 2382 nibilulare
1045 2306 1147 2360 notum

92 2400 98 2423 ⁸
135 2410 180 2463 eat
200 2397 305 2483 Atque
322 2399 447 2463 alterius
462 2396 649 2463 Petronii
669 2398 960 2475 Aristocratia‚
984 2396 1147 2484 Magnesia

135 2502 261 2579 oriundi,
285 2502 383 2565 solum
404 2511 544 2566 muamus
566 2520 697 2579 nomeu,
721 2501 846 2564 alterius
870 2499 1027 2565 Claudii
1048 2502 1147 2584 Aga-

135 2602 310 2680 tbemeri‚
328 2599 599 2682 Lacedaemonii,
629 2602 758 2682 medici,
790 2604 972 2689 epitaphium
991 2613 1147 2671 servatum

135 2725 192 2772 ease
210 2707 347 2772 videtur.
379 2702 456 2770 Cum
477 2706 557 2770 enim
572 2706 653 2769 iuter
668 2726 819 2769 marmora
835 2702 1029 2772 Oxoniensia
1045 2718 1149 2774 exstet

135 2809 243 2894 cippus,
276 2810 329 2893 qui
356 2809 415 2872 viri
445 2807 598 2872 ouiusdam
629 2819 661 2875 et
686 2809 834 2886 laminae,
865 2809 1021 2893 utriusque
1045 2821 1148 2875 aetate

135 2912 342 2993 provectioris,
374 2921 525 2994 protomus
549 2921 581 2974 et
604 2911 686 2975 intra
712 2931 766 2975 eas
792 2930 923 2994 sequens
951 2913 1146 2997 epigramma,

135 3034 149 3076 a
167 3010 447 3097 Saldeniofflarm.
464 3013 628 3078 Arundell.
646 3033 676 3097 p.
700 3011 742 3078 49
758 3033 790 3076 n.
806 3010 866 3093 28>
881 3013 1008 3098 primum
1020 3015 1145 3091 editum,

134 3126 291 3181 monstrat:

205 3213 379 3292 Κλαύδιος
393 3215 490 3304 ἰητὴρ
507 3213 745 3304 'Ayobojpospoc
765 3211 893 3286 ἐνθάδε
906 3232 1033 3305 κεῖμαι,

252 3318 429 3405 Homine
443 3316 569 3394 δεδαώς
583 3317 752 3408 κραιπνόν
767 3316 899 3407 ἄκεσμα
915 3317 1032 3388 νόσου.

208 3422 331 3495 Evado
345 3425 446 3492 τοῦτο
463 3423 501 3491 δέ
512 3448 573 3510 μοι
588 3424 645 3492 nol
660 3421 830 3514 Μυρτάλη
845 3419 918 3492 aluo
935 3421 1084 3512 συνεύνῳ

253 3527 401 3613 Μνῆμα.
429 3519 512 3617 μετ’
527 3521 695 3615 εὐσεβέων
715 3521 752 3592 d’
767 3530 873 3614 ἔσμεν
888 3531 927 3595 ἐν
941 3523 1100 3616 Ἠλυσίῳ.

130 3626 290 3694 lleinesiua
315 3631 428 3714 primus
451 3630 654 3694 coniecturam
676 3631 833 3716 proposuit
856 3631 938 3715 (epp.
963 3631 1002 3694 ad
1018 3630 1147 3716 Rupert.

129 3752 153 3813 p.
170 3730 245 3797 539.
263 3743 348 3818 synt.
364 3734 459 3797 inser.
478 3733 531 3809 xl,
547 3727 568 3793 6
583 3752 612 3815 p.
629 3727 708 3811 610)
732 3753 800 3797 esse
816 3733 896 3798 buuu
912 3730 1043 3797 Cornuti
1058 3732 1150 3797 disai-

129 3831 243 3914 pnlum,
274 3831 376 3899 Persii
401 3835 547 3899 amioum:
580 3854 656 3918 quae
683 3835 822 3899 omnibus
847 3837 914 3900 fere
936 3834 1064 3921 probata
1088 3846 1147 3900 est.

129 3935 318 4016 laconum,
349 3937 399 4020 qui
419 3937 540 4001 ultimus
561 3935 620 4001 boo
636 3947 862 4001 mouumentum
879 3938 974 4002 edidit
989 3933 1147 4020 (loonogr.

131 4033 181 4100 Gr.
197 4050 222 4101 t.
240 4037 319 4121 33),
342 4039 458 4103 addidit
477 4039 516 4103 ad
539 4059 606 4104 eam
626 4037 820 4118 firmandam,
845 4041 969 4125 capillos
989 4039 1150 4103 ordinandi

130 4141 265 4218 nodum,
281 4141 402 4224 qualem
414 4143 445 4205 in
461 4138 613 4228 Myrtales
630 4141 729 4226 elligie
747 4143 896 4220 videmus,
915 4144 1002 4227 plane
1017 4163 1150 4208 cousen-

132 4241 182 4306 tira
196 4265 264 4308 oum
279 4244 348 4307 aliia
364 4243 452 4308 buius
468 4245 614 4329 temporis
630 4245 833 4310 monumentis
848 4246 882 4326 (l.
895 4240 1105 4329 t.t.1p.288)
1126 4253 1147 4305 ¹.

135 4429 144 4479 l
170 4430 247 4495 Quam
277 4433 345 4485 idem
376 4433 513 4487 lleineaius
543 4432 610 4504 (epp.
636 4435 655 4486 l.
682 4433 714 4500 l.)
750 4434 857 4502 protulit
893 4435 1083 4496 coniecturam,
1114 4433 1151 4482 iu-

163 4502 338 4569 scriptionem:
