2574 5054
416 733 785 800 PROLEGOllllNA.
999 762 1111 807 omn

81 918 172 973 reete
186 917 303 972 uotoni
318 904 447 972 exhibet
461 905 531 972 carl.
547 903 756 987 Pithocanua,
780 919 814 973 et
827 908 960 994 explicat
975 911 1108 978 einslenr

81 1010 223 1073 scholion
230 1021 246 1073 ε’
262 1009 337 1096 lpse
350 1009 396 1074 nd
406 1031 442 1075 ce
456 1007 567 1074 orlac.
594 1007 632 1073 ln
648 1011 758 1074 celcris
774 1010 910 1075 omnibus
926 1014 1036 1092 coilo,
1058 1016 1109 1097 qni
1205 1026 1210 1033 “

81 1112 205 1177 Graeca
220 1133 284 1176 non
300 1112 464 1192 omittunt,
485 1111 579 1178 rerba
593 1111 737 1194 quaedam
760 1113 846 1195 quasi
867 1111 988 1177 Graeca
1002 1117 1109 1199 legun-

81 1225 151 1290 tur,
170 1214 273 1278 addita
288 1215 450 1294 versione,
473 1233 549 1296 qrrae
564 1212 689 1298 probat,
712 1215 787 1280 haec
802 1215 844 1280 ita
860 1215 1022 1280 constituta
1038 1239 1108 1284 esse

79 1318 272 1400 aquodam,
303 1317 354 1400 qui
382 1339 450 1382 cunr
475 1318 631 1383 confusam
652 1318 801 1400 quandam
824 1316 964 1383 Graecae
986 1320 1108 1404 linguae

78 1420 289 1501 cognitionem
305 1419 453 1493 haberet,
476 1430 509 1483 ut
529 1439 636 1484 sonum
653 1430 739 1483 certe
753 1429 786 1482 et
798 1420 959 1485 verborum
976 1442 1107 1504 qnornn·

80 1524 150 1586 dam
180 1522 433 1604 significationem
463 1530 602 1601 teneret,
631 1522 811 1586 nubeculam
840 1523 887 1587 lrio
915 1544 968 1608 pro
991 1522 1108 1589 lunone

79 1626 331 1708 amplecteretur.
368 1623 523 1706 lluioaque
538 1624 691 1688 doctrinae
712 1645 768 1709 per
789 1645 894 1689 omnes
916 1625 1107 1691 librariorum

80 1748 207 1791 errores
227 1737 375 1810 apparent
397 1727 537 1811 vestigia.
580 1723 679 1791 codo.
699 1726 819 1810 igitur,
851 1748 926 1813 quos
953 1729 1035 1807 dixi,
1064 1730 1106 1795 ita

79 1832 187 1913 legunt
202 1826 302 1913 Sang.
317 1838 350 1892 et
363 1827 453 1893 Eius.

238 1952 420 2044 Annon.
435 1955 552 2045 TAy.
563 1951 1110 2044 aop.oNnPa.1nNrraoo

377 2079 444 2122 cum
460 2060 501 2143 gl.
517 2058 627 2124 Mores
642 2057 749 2122 dulces
762 2061 828 2122 oiri
841 2061 953 2124 mollis.

82 2159 232 2227 homno
247 2158 405 2230 alenc,
421 2159 613 2231 I'AIliOC.
630 2156 813 2230 nNDPia.
828 2159 922 2230 llIN
928 2162 1046 2231 ΕΔΟΟ

358 2279 444 2316 nom
529 2265 618 2316 aaran
721 2265 774 2316 van
893 2266 978 2318 marra

122 2331 229 2398 Paris.
247 2333 305 2402 ul
306 2331 403 2401 1¹00
416 2333 609 2402 PAIKOY
618 2331 789 2402 aNaPa
803 2331 1052 2403 lllNalAOC

79 2475 243 2557 Apparent
264 2471 313 2535 hic
336 2470 463 2555 primunr
483 2469 633 2552 genuinae
653 2469 794 2534 lectionis
822 2473 956 2552 quamvis
979 2476 1106 2559 turpiter

79 2575 265 2658 depravatae
280 2573 430 2656 vestigia,
452 2582 514 2636 tum
538 2593 579 2637 ex
599 2571 742 2638 versione
758 2573 860 2637 addita
875 2574 1031 2653 videmus,
1056 2577 1105 2658 qui

77 2676 154 2740 lraec
179 2677 223 2740 ita
254 2676 462 2752 constituerit,
492 2675 585 2738 fando
615 2675 787 2753 audivisse,
817 2668 905 2760 ἦθος
932 2677 1104 2760 significare

78 2799 217 2856 morem,
245 2773 370 2865 γλυκύς
390 2776 526 2856 dulcem,
549 2770 637 2863 ἁνήρ
660 2779 777 2858 virum,
800 2777 949 2854 κίναιδος
971 2781 1103 2860 mollem,

79 2882 182 2944 omnia
202 2898 280 2945 uera
301 2878 379 2945 hacc
401 2878 486 2962 quasi
507 2899 561 2964 per
576 2891 771 2945 transennam
787 2901 823 2944 ao
838 2882 975 2944 nebulam
992 2882 1104 2948 vidisse

79 3002 135 3047 nec
158 2982 375 3065 grammaticae
397 2999 527 3066 graecae
549 2982 678 3066 peritum
700 2983 805 3048 luisse.
841 2983 899 3048 llic
922 3005 998 3048 vero
1016 2985 1101 3049 codd.

78 3082 177 3149 Laar.
195 3095 229 3150 et
242 3082 344 3148 Paris.
361 3082 499 3148 scholion
514 3081 645 3148 lrabeat:
669 3084 869 3149 moratium
887 3095 958 3150 erut
970 3086 1009 3149 do
1020 3097 1104 3151 cola·

77 3190 164 3251 initis
189 3186 325 3251 dacium:
348 3187 466 3252 Dulcec
482 3194 558 3249 sant
571 3204 673 3248 mores
695 3186 731 3250 id
748 3196 795 3250 est
809 3186 933 3271 faciles
953 3197 986 3251 et
1001 3190 1104 3274 fleui-

78 3289 157 3353 hiles
175 3291 244 3354 ciri
259 3290 375 3353 mollia.
409 3287 496 3353 Unus
512 3309 572 3374 pes
597 3287 686 3351 deest
710 3291 817 3352 versui
846 3288 983 3368 Graeco,
1016 3312 1104 3376 quem

78 3393 237 3479 arguitur
251 3390 401 3456 Ha'ericua
414 3393 497 3455 aca‘rc
512 3412 575 3454 non
586 3390 700 3474 potuit.
733 3386 816 3455 ldem
831 3401 931 3456 aulem
948 3388 1104 3457 Cornutus

78 3497 245 3559 adnotasse
266 3493 375 3558 licitur
394 3493 426 3556 in
449 3492 547 3558 schol.
569 3489 687 3572 Bern,
717 3491 776 3556 nisi
799 3494 878 3575 quod
907 3493 948 3557 ibi
975 3494 1103 3559 ridicule

77 3599 234 3683 agriter
256 3594 375 3660 Ilircua
396 3595 574 3681 appellatur.
607 3593 670 3658 Pro
694 3605 778 3659 certo
800 3596 892 3678 igitur
913 3596 983 3682 poni
999 3615 1104 3680 possu-

76 3721 164 3780 mus,
188 3718 247 3784 per
258 3699 388 3763 medium
404 3716 512 3764 aevum
527 3698 558 3762 in
574 3696 726 3762 hominurn
744 3698 881 3763 manibus
896 3708 1020 3764 versata
1035 3716 1104 3762 esse

76 3799 233 3868 luvenalis
255 3800 440 3886 exemplaria
463 3823 505 3866 ex
526 3801 707 3867 recensione
730 3798 842 3865 Nicaei
864 3823 931 3865 curu
952 3820 1104 3865 conamen·

76 3907 184 3985 teriia,
213 3921 291 3990 qnae
313 3899 482 3968 Cornutum
508 3915 664 3968 auctorem
690 3903 856 3980 haberent,
888 3923 955 3967 cum
977 3902 1104 3966 alterius

77 4008 268 4076 mannonis
290 4006 477 4091 exemplaria
499 4028 566 4070 cunr
581 4005 703 4070 scholiis
719 4005 756 4069 ab
772 4006 894 4088 antiquo
909 4004 1103 4087 grammatico

77 4111 223 4196 proiectis
246 4110 346 4175 minus
368 4119 442 4173 nota
464 4120 497 4174 et
517 4108 623 4196 paucis
644 4118 761 4173 tantum
785 4106 871 4171 codd.
895 4117 1018 4171 servata
1035 4124 1103 4170 esse

77 4214 255 4294 rideantur,
280 4211 360 4296 quod
375 4231 433 4295 quo
450 4231 523 4276 casu
538 4212 648 4275 lactum
664 4211 720 4290 sit,
744 4210 908 4274 nescimus.
938 4207 995 4272 llic
1011 4209 1104 4293 igitur

78 4314 253 4394 Cornutus,
269 4315 320 4401 qui
335 4334 369 4380 se
384 4313 626 4381 recentissimum
643 4323 674 4378 et
690 4308 896 4377 Christianum
911 4310 964 4397 (ad
976 4307 1033 4388 Ill,
1047 4308 1103 4386 33)

77 4421 185 4504 protis,
202 4440 262 4504 quo
277 4429 413 4502 ternpore
427 4417 554 4496 vixerit,
569 4415 656 4481 huius
670 4414 777 4482 scholii
791 4433 848 4501 ope
862 4412 978 4479 deliniri
989 4421 1102 4497 potest.
