2574 5054
483 774 565 837 SAT.
581 776 631 848 VI,
649 782 676 837 1.
949 786 955 801 '
1024 770 1087 841 211

57 943 1090 1113 112ιὲ111..1.·..1111121111,111111’.11Ιέ

68 1126 132 1187 tur,
149 1119 263 1196 quaein
279 1119 456 1200 proverbium
472 1118 540 1177 abiit
557 1117 626 1192 (luv.
642 1117 689 1188 Ill,
708 1121 777 1181 169.
793 1118 831 1190 Χ,
847 1120 910 1181 299
925 1116 963 1175 ib.
977 1118 1094 1196 intpp),

68 1220 133 1261 uam
145 1203 297 1282 antiquitus
310 1202 346 1262 ad
363 1205 456 1263 iocum
470 1202 590 1263 sedebat
604 1204 709 1261 familia
723 1204 883 1272 coniuncta,
899 1202 940 1262 cl.
951 1201 1088 1274 Klauseu,

66 1283 145 1347 Aea.
161 1287 187 1347 ΙΙ
200 1308 227 1365 p.
237 1292 311 1350 635.
335 1287 438 1348 Notum
451 1300 544 1349 autem
560 1300 616 1360 est,
632 1287 773 1347 Romanos
788 1289 928 1348 litteratos
943 1298 974 1346 ut
989 1284 1089 1345 studiis

67 1383 206 1432 vacarent
221 1373 290 1433 urbe
303 1375 404 1435 relicta
419 1376 477 1433 otia
493 1375 567 1433 ruris
581 1375 711 1454 petiisse,
733 1375 772 1432 cl'.
790 1374 823 1433 C.
838 1373 966 1444 Passorr,
980 1369 1016 1432 de
1029 1373 1089 1430 vita

68 1456 167 1517 llorat
182 1478 210 1536 p.
224 1458 274 1517 XC
291 1479 352 1539 sqq.
374 1463 506 1531 Bassus,
531 1479 613 1539 quem
632 1459 745 1520 Persius
764 1459 932 1539 alloquitur,
948 1467 996 1517 est
1014 1458 1089 1516 Cuc-

66 1543 131 1602 sius
155 1544 266 1602 Bassus
284 1555 387 1622 poeta,
409 1543 445 1605 de
468 1564 523 1625 quo
546 1545 585 1605 ci.
608 1542 791 1604 Werusdorf.
823 1544 912 1604 Poett.
935 1542 1000 1601 Lat.
1021 1544 1087 1602 min.

68 1626 135 1687 ιΙΙΙ
149 1628 309 1707 pXXXllI
322 1650 383 1710 sqq.
399 1630 520 1702 Bnrker,
536 1628 673 1690 Classical
687 1630 799 1689 lourual
813 1629 899 1689 XXX
912 1649 940 1708 p.
954 1631 1016 1690 31³
1025 1644 1087 1708 sqq.

67 1711 231 1773 Wcicbert.
253 1712 289 1774 de
301 1714 335 1775 Ι..
351 1714 442 1775 Vario
456 1735 484 1795 p.
504 1719 564 1778 1⁴5
578 1735 623 1795 sq.
647 1713 675 1774 le
688 1735 705 1775 a
718 1734 823 1794 puero,
839 1726 870 1775 ut
882 1717 941 1775 vita
954 1724 1089 1787 testatur,

66 1795 169 1857 Persio
182 1799 234 1858 l'uit
247 1802 507 1874 coniunctissimm,
522 1812 553 1861 et
566 1811 631 1880 post
644 1801 817 1860 immaturam
832 1810 951 1861 mortem
964 1800 1025 1859 eius
1041 1817 1089 1857 sa·

66 1882 184 1943 tireru·
205 1884 304 1944 bbrum
325 1883 423 1946 edidit.
453 1885 519 1966 lpse
539 1897 654 1965 postea,
674 1896 705 1945 nt
724 1883 759 1945 ad
778 1885 805 1944 b.
825 1885 846 1945 Ι.
862 1895 960 1945 narrat
978 1883 1088 1956 schol,

67 1968 154 2047 periit
174 1969 203 2027 in
220 1969 286 2029 villa
301 1971 454 2049 Campana,
478 1991 540 2031 cum
555 1970 698 2032 Vesuvius
716 1969 833 2032 arderet
850 1971 916 2031 Tito
929 1972 1087 2050 imperante

66 2063 99 2114 ot
113 2052 318 2115 Herculaneum
342 2056 547 2137 Pompeiosque
570 2057 715 2135 sepeliret.
746 2055 777 2116 ld
793 2066 922 2136 exparte
939 2056 1089 2116 coufirmat

67 2137 290 2212 Quinctilium,
305 2142 410 2222 quiebi
424 2140 460 2202 de
477 2161 513 2202 eo
528 2142 668 2221 loquitur,
684 2139 776 2200 addita
800 2161 883 2219 quem
901 2160 998 2221 nuper
1012 2142 1088 2199 uidi·

67 2242 132 2283 mus
144 2224 194 2299 (X,
214 2231 241 2297 1,
255 2230 320 2299 96).
342 2227 440 2307 ltaque
458 2228 612 2287 verisimile
629 2237 675 2287 est
690 2225 762 2305 apud
782 2226 897 2286 Plinium
912 2229 940 2286 in
956 2226 1088 2287 celeber-

67 2311 278 2389 rimaepistola,
294 2332 348 2391 qua
361 2312 489 2372 avunculi
508 2322 625 2372 mortem
639 2324 746 2384 narrat,
762 2312 856 2372 Cassii
872 2313 955 2372 Bassi
968 2312 1087 2372 mentio·

68 2414 133 2453 nem
160 2396 263 2455 lactum
285 2398 391 2470 fuisse,
414 2398 478 2457 loco
504 2398 608 2457 misere
629 2410 763 2478 corrupto
787 2396 849 2471 (Vl,
867 2401 916 2469 16,
932 2402 981 2471 8),
1004 2414 1087 2477 quem

68 2477 214 2540 Gesnerus
227 2481 577 2561 etfleusiugerusitnicre
593 2481 741 2560 legendum
756 2494 888 2542 censent:
911 2481 1088 2562 Egredie-

66 2564 179 2625 batur
208 2564 329 2640 domn,
361 2571 505 2647 accipit
536 2567 741 2628 codicillus
768 2567 953 2629 Rectinae
976 2566 1088 2628 bassi

68 2649 163 2722 (codd.
179 2662 209 2711 et
224 2651 288 2711 edd.
305 2664 374 2712 vett.
389 2656 501 2726 crocci,
520 2655 613 2725 tusci,
630 2657 733 2726 nurci,
753 2655 938 2726 lrlacesme‚·
960 2654 1006 2712 alii
1021 2672 1087 2711 cor·

67 2747 178 2813 ruptam
201 2752 300 2797 vocem
324 2741 469 2811 omittunt,
491 2741 667 2799 recentiores
689 2741 810 2798 Petinae
826 2740 996 2811 clussrurii,
1013 2736 1088 2818 quod

66 2823 184 2900 primum
200 2823 228 2880 iu
243 2822 289 2882 ed.
305 2823 420 2883 Mediol.
434 2844 462 2884 a.
479 2829 561 2887 1478
578 2834 741 2904 comparet,
763 2846 789 2883 v.
814 2823 900 2883 Orell.
923 2822 959 2882 ed
974 2825 1001 2883 b.
1019 2824 1037 2882 l.
1058 2825 1087 2883 iu

68 2906 140 2967 Plio.
157 2927 221 2985 epp.
243 2909 296 2967 sel.
314 2930 340 2987 p.
358 2914 422 2982 21).
445 2911 650 2969 imminenti
675 2911 805 2984 (Bestiae
819 2929 890 2967 cusu
911 2911 1086 2968 imminenti-

69 3011 126 3070 pue
144 2992 207 3052 cod.
230 2992 328 3072 Prug.)
351 2995 525 3073 periculo
547 2997 740 3054 exterrita
770 2996 924 3067 (exterriti
947 2994 1015 3065 al),
1043 3029 1087 3039 -

67 3096 145 3137 uam
172 3079 266 3137 villa
295 3081 377 3139 eius
409 3080 456 3150 (al.
477 3099 532 3151 eu,
556 3083 602 3151 ei)
632 3078 882 3149 sublucebat,
913 3098 981 3139 uec
1010 3079 1086 3138 ulla

68 3164 142 3221 nisi
164 3164 322 3223 navibus
345 3166 434 3242 iuga
458 3200 497 3211 -
527 3176 562 3224 ut
583 3184 622 3224 se
645 3175 752 3223 tanto
774 3162 993 3223 discrimine
1015 3166 1087 3225 eri·

66 3259 193 3325 perot,
215 3249 357 3308 orabat.
386 3252 438 3310 ilic
453 3248 489 3311 ad
508 3251 711 3309 Cuesir'Bussi
723 3268 824 3308 nomen
840 3247 921 3308 codd.
938 3259 1087 3328 corrupte·

67 3334 219 3414 lucetque
244 3334 327 3413 Prag.
351 3337 529 3413 interpolatio
550 3334 669 3406 ducunt,
698 3337 796 3393 mirum
817 3344 910 3394 tamen
941 3354 993 3412 pro
1023 3333 1086 3412 ipso

67 3417 172 3477 Caesio
188 3420 297 3490 Basso,
330 3441 412 3500 quem
433 3442 494 3481 cum
510 3421 576 3480 villa
591 3422 764 3479 combustum
780 3438 847 3478 esse
864 3422 984 3490 scimus,
1008 3419 1087 3479 cudi·

66 3503 149 3563 cillos
177 3508 288 3564 mittere
319 3527 436 3567 uxorem
458 3506 602 3567 llectiuam
627 3504 712 3586 (quod
735 3525 837 3565 nomen
860 3525 876 3564 e
899 3505 979 3564 titulo
1006 3504 1085 3564 Grut.

67 3591 141 3661 818,
160 3594 198 3652 10
214 3591 406 3669 comprobavit
422 3592 576 3653 llezzonic.
593 3589 666 3671 disq.
684 3589 755 3651 Pliu.
771 3590 826 3670 lp.
844 3594 935 3663 115),
959 3601 989 3650 et
1003 3590 1085 3649 huius

67 3685 173 3733 tantum
196 3686 296 3757 postea
319 3680 486 3737 mentionem
509 3678 581 3736 lieri.
612 3677 706 3750 Quare
728 3675 895 3746 ridendum,
924 3696 987 3735 num
1011 3686 1086 3734 totus

67 3759 377 3841 locusitarectiuslcgi
392 3764 498 3841 possit:
515 3759 923 3840 Egrediebaturdom03
946 3762 1088 3843 accipit

67 3842 279 3905 codicillus
308 3845 445 3907 lletina
474 3848 599 3907 Caesii
622 3847 731 3906 Bassi
753 3847 966 3905 imminente
988 3847 1086 3924 peri·

67 3929 150 3989 culo
180 3934 384 4003 exterriti,
418 3952 495 3991 nam
524 3933 617 3991 villa
645 3932 814 3992 Vesuvio
845 3932 1086 4003 sublucebat,

67 4035 135 4075 nec
164 4017 241 4075 ulla
267 4019 342 4076 uisi
373 4018 527 4077 navibus
556 4018 660 4095 iuga:
691 4027 728 4075 ut
756 4036 795 4075 se
825 4027 929 4074 tanto
952 4015 1086 4075 discri·
1159 4027 1161 4033 '

68 4101 152 4158 mini
176 4104 348 4179 eriperet
369 4103 510 4162 orabat.
534 4103 653 4161 Caesius
669 4102 775 4160 bassus
791 4112 874 4181 poeta
890 4102 942 4161 luit
958 4103 1084 4181 lyricus3

68 4184 103 4243 de
120 4207 174 4265 quo
190 4188 243 4246 boc
259 4187 389 4247 iudicium
406 4189 463 4248 lert
479 4189 666 4261 Quintilianus
683 4187 713 4257 (1.
730 4187 778 4259 Ι.)ε
800 4185 854 4258 „Si
863 4207 945 4266 quem
960 4185 1085 4246 adiicere

67 4271 138 4329 velis
155 4273 313 4345 (Horatio),
331 4276 385 4332 erit
398 4274 517 4333 Caesius
533 4273 657 4342 Bassus,
673 4292 755 4351 quem
771 4290 861 4350 nuper
874 4271 1009 4332 vidimus:
1034 4271 1086 4331 sed

69 4374 131 4415 eum
148 4357 725 4437 lougepraeceduntiugeuiaviventium.“
749 4357 817 4416 Eius
833 4357 906 4417 bunc
922 4377 1033 4418 versum
1049 4378 1086 4417 ex

69 4443 269 4518 illyricorum
285 4444 367 4503 ailert
384 4444 544 4504 Priscianus
559 4443 775 4525 (x,ep.897):
801 4445 935 4523 Calliope
946 4445 1087 4523 prrirrcpr

820 4532 879 4590 14*
