2574 5054
447 748 530 810 SAT.
546 749 581 821 11,
596 752 637 813 38
657 781 696 796 -·
712 753 765 811 42.
1044 743 1106 812 129

87 919 237 981 candentia
252 923 330 982 nasci
342 920 429 981 Lilia.
452 921 483 981 Si
498 919 608 1001 placido
624 921 781 981 cessissent
790 920 895 978 lumina
911 938 1019 994 somno,
1036 918 1106 979 Pur·

86 1026 157 1086 pura
172 1007 309 1084 surgebat
323 1007 415 1068 violae
436 1009 547 1068 lactura
561 1006 653 1067 cubile
669 1005 846 1066 Gramineum
861 1023 1039 1084 vernansque
1051 1007 1106 1063 tori

87 1092 194 1170 regalis
210 1093 335 1170 imago.“
370 1091 408 1151 Et
428 1093 558 1152 similiter
579 1091 701 1170 Gregor.
720 1091 859 1150 Nazianz.
876 1109 894 1149 a
914 1089 1043 1150 Maecilio
1064 1090 1105 1148 l.:

86 1177 183 1236 Πᾶσα
202 1176 257 1254 μέν
269 1173 458 1260 ὑμετέροισιν
473 1174 628 1276 έπίτμοχος
642 1171 695 1234 αἶα
713 1173 830 1237 πέλοιτο
850 1173 972 1236 Ποσσῖν
986 1171 1106 1253 irremo-

87 1258 216 1338 μένοισι,
232 1260 284 1320 καὶ
298 1257 397 1321 ἄνθεα
414 1257 492 1321 καλοὶ
507 1282 625 1339 φυοιτο.
641 1259 748 1321 Eadem
764 1262 791 1321 in
807 1260 901 1320 fabula
915 1259 1107 1339 Neapolitana

87 1345 174 1425 (apud
190 1345 304 1418 Grimm,
320 1345 443 1408 Kinder·
465 1347 521 1406 und
537 1347 765 1406 Hausmdbrchen
781 1357 802 1405 t.
817 1345 855 1405 111
873 1366 901 1425 p.
917 1350 992 1419 345)
1008 1343 1105 1405 candi·

87 1430 141 1492 dae
170 1433 272 1511 virgini
300 1442 379 1511 optat
407 1452 486 1493 anus.
507 1482 509 1487 .
531 1432 708 1491 Contrarium
737 1432 879 1510 significat
907 1430 1106 1490 Petronianum

89 1523 128 1589 (c.
139 1521 210 1590 44)ι
226 1517 496 1598 ,,Ωοοοοοοιο11οῑ,
506 1529 609 1578 terram
620 1515 789 1576 adurebat.“
804 1516 958 1576 Nutricem
966 1515 1013 1576 bic
1028 1536 1106 1576 com·

85 1614 241 1674 memorat,
264 1622 326 1663 cum
353 1615 437 1664 antea
458 1604 549 1662 aviam
571 1613 808 1681 materteramque
828 1603 1019 1672 nominasset,
1041 1602 1106 1682 qnia

87 1688 272 1748 l1arumsicut
290 1688 399 1748 illarum
421 1688 617 1766 superstitiosa
641 1685 718 1748 circa
737 1689 860 1747 infantes
876 1707 962 1758 cura,
982 1697 1106 1767 votaque

87 1774 198 1833 ratione
220 1771 295 1833 band
314 1785 471 1852 temperata
501 1792 567 1834 csse
589 1773 699 1846 uolent,
721 1793 751 1834 v.
776 1771 881 1834 Senec.
902 1791 967 1852 epp.
990 1771 1053 1844 LX,
1077 1777 1106 1834 l.

88 1859 185 1918 Horat.
210 1878 275 1937 epp.
296 1858 319 1931 l,
333 1864 365 1931 4,
387 1864 417 1922 8.
446 1858 573 1919 Infantes
595 1860 680 1931 enim,
701 1878 772 1938 quos
787 1859 893 1939 antiqui
908 1856 1026 1917 Romani
1040 1877 1106 1937 pro-

87 1945 209 2024 pinquae
225 1946 309 2004 alicui
323 1956 392 2004 natu
413 1945 512 2004 maiori
533 1944 659 2024 probatis
675 1945 868 2024 spectatisque
890 1944 1013 2003 moribus
1028 1962 1106 2003 com·

87 2031 200 2090 mittere
216 2029 438 2105 solebantllac.
456 2029 523 2090 dial.
540 2034 605 2102 28),
620 2039 722 2108 postea
737 2030 874 2089 nutricum
887 2049 974 2105 curae
989 2027 1107 2088 deman·
1137 2040 1141 2045 '

88 2113 243 2187 dabantur,
257 2135 373 2196 quarum
384 2117 495 2175 nomine
507 2136 563 2175 aon
582 2135 636 2176 eae
652 2126 758 2174 tantum
771 2115 905 2175 mulieres
919 2113 1106 2186 vocabantur,

87 2220 160 2281 quae
181 2200 255 2261 lacte
277 2202 400 2261 infantes
429 2201 559 2271 alebant,
583 2199 635 2260 sed
661 2202 772 2259 omnino
792 2219 865 2280 quae
894 2197 1056 2260 munditiem
1077 2211 1109 2260 et

87 2286 259 2364 diligentiam
267 2288 303 2345 iis
311 2286 504 2364 praestabant.
520 2287 607 2346 Tales
623 2287 754 2345 solebant
767 2286 1106 2358 asscenutrt‘ccrvocari,

88 2383 118 2430 ut
133 2374 160 2430 in
176 2374 359 2449 inscriptione
375 2371 447 2450 apud
457 2372 681 2450 Vignoldnecrr.
697 2372 750 2431 sel.
765 2375 872 2450 pauo
888 2370 1002 2444 (Murat.
1014 2375 1107 2443 1512,

89 2461 138 2528 iil:
154 2478 181 2515 n.
190 2477 220 2516 m.
236 2455 241 2541 Ι
260 2455 570 2541 renumeranlnrrmnunr
586 2453 592 2539 Ι
606 2455 764 2540 vonvnrmul
782 2476 842 2516 er.
858 2452 1105 2540 raocnalnvrarm'

88 2562 182 2600 essue.
197 2563 233 2600 nr
248 2538 254 2624 Ι
267 2563 320 2600 nra.
337 2564 364 2602 v.
381 2562 407 2602 u.
425 2564 469 2614 cv,
485 2555 515 2603 et
530 2541 604 2622 apud
628 2543 726 2601 Front.
750 2561 814 2621 epp.
830 2540 948 2601 adAnt.
964 2542 1070 2619 lmp.1,
1086 2547 1107 2605 b

88 2648 116 2706 p.
135 2632 194 2690 155
210 2627 256 2686 ed.
272 2627 374 2687 Rom:
398 2627 513 2700 „Assae
529 2628 646 2688 nutricis
661 2639 708 2687 cet
720 2628 855 2686 infantem
871 2628 960 2704 magis
976 2625 1106 2705 diligere,

88 2733 169 2793 quam
185 2712 339 2772 adultam.“
355 2714 452 2774 laven.
470 2713 619 2786 le‚208
634 2713 671 2772 ib.
688 2713 777 2772 schol.
794 2712 929 2773 etHeinr.
946 2711 1019 2770 Non.
1035 2732 1061 2773 s.
1078 2733 1106 2772 v.

88 2799 167 2858 Talis
189 2799 353 2858 muliercula
375 2801 461 2876 igitur
488 2819 561 2879 quac
585 2810 684 2857 contra
713 2800 852 2858 rationem
880 2799 1040 2876 optaverit,
1070 2817 1106 2858 ea

87 2884 228 2962 benignus
243 2883 313 2942 deus
329 2903 365 2944 ne
381 2883 439 2957 det,
454 2882 606 2945 secundum
621 2904 721 2943 versus
737 2885 800 2943 illos
817 2883 902 2961 (apud
917 2882 1026 2941 Platon.
1041 2880 1106 2943 Alc.

88 2969 113 3028 ll
129 2990 155 3047 p.
175 2974 233 3031 143
249 2968 285 3028 Α.
302 2969 426 3029 Bsuncls.
442 2968 536 3029 Anall.
553 2965 602 3029 uid.
619 2973 691 3031 466.
707 2967 822 3028 Antbol.
839 2968 900 3027 Pal.
918 2968 955 3040 X,
974 2972 1044 3040 108,
1059 2970 1106 3048 qui

87 3074 184 3132 nuper¹
208 3056 236 3112 in
266 3055 368 3114 tabulis
398 3057 503 3114 ceratis
527 3066 785 3132 comparuerunta
813 3053 994 3113 Massmanno
1023 3052 1107 3114 editis
1138 3067 1142 3074 ’

88 3140 186 3217 [libelli
200 3142 305 3199 aurarii
320 3151 342 3198 t.
361 3145 380 3202 3
396 3160 423 3219 p.
439 3144 480 3202 29
496 3142 587 3220 sqq.],
617 3138 845 3219 haudquaquam,
867 3150 998 3219 quantum
1012 3136 1107 3210 video,

88 3225 124 3284 ab
146 3226 261 3305 antiqua
282 3246 365 3285 manu
386 3227 515 3303 scripti):
552 3225 615 3284 Ζεῦ
635 3226 778 3302 βασιλεῦ,
802 3219 840 3282 rui
859 3223 914 3302 μέν
936 3219 1032 3283 ἐσθλοὶ
1055 3223 1108 3283 καὶ

87 3305 258 3388 εὐχομένοις
277 3310 328 3370 καὶ
349 3305 608 3387 ἁνεύκτοιςἍμμι
620 3308 725 3381 δίδου,
750 3304 787 3368 τὰ
807 3304 944 3368 δέδιινοὶ
958 3307 1011 3367 καὶ
1023 3304 1108 3388 εὐχο-

88 3393 189 3471 μένοις
202 3390 356 3466 motata>
394 3395 509 3455 Aldcta
525 3415 629 3474 rogare
645 3393 756 3465 dicitnr,
772 3395 836 3474 qnia
852 3393 971 3454 candida
987 3413 1020 3454 ac
1036 3413 1108 3472 pura

87 3490 169 3539 veste
191 3480 342 3539 utebantur
356 3501 402 3559 qur
418 3501 480 3540 eum
496 3483 567 3540 votis
581 3493 612 3540 et
625 3480 771 3539 sacrificiis
787 3477 821 3538 ad
837 3476 907 3539 deus
921 3478 1107 3549 accedebant,

88 3564 179 3624 Plaut.
195 3563 268 3624 llud.
285 3566 307 3636 Ι,
325 3571 354 3637 5,
372 3571 420 3627 11.
437 3564 578 3637 Tibull1,
596 3570 646 3637 10,
661 3571 712 3628 27.
728 3566 762 3636 11,
780 3571 808 3636 1,
827 3570 865 3627 13
880 3565 918 3623 ib.
934 3567 1021 3644 intpp.

173 3671 200 3709 v.
216 3655 353 3713 41-43.
369 3651 475 3722 Nervi,
491 3662 522 3710 nt
537 3671 574 3711 cx
588 3664 716 3711 veterum
732 3652 802 3711 locis
817 3662 945 3728 apparet,
961 3662 1107 3730 suntqnos

88 3732 172 3794 bodie
188 3737 329 3796 masculos
344 3756 488 3809 vocamus,
503 3738 531 3794 in
548 3737 648 3817 quibus
664 3737 751 3796 robur
765 3738 893 3814 corporis
908 3737 1030 3814 positum
1046 3746 1107 3805 ιιι,

87 3819 131 3879 bia
147 3840 228 3899 opem
243 3823 355 3899 poscis,
378 3833 408 3881 et
423 3842 526 3901 corpus
546 3824 574 3881 in
594 3833 744 3882 senectute
766 3841 877 3901 quoquo
898 3820 991 3880 lidum.
1021 3823 1106 3891 Esto,

86 3905 155 3964 nibil
171 3918 246 3978 roto,
262 3925 331 3984 age,
348 3927 451 3985 poscas
466 3908 557 3981 baec3
588 3905 639 3966 sed
656 3919 685 3966 tu
700 3910 762 3984 ipse
777 3907 903 3966 ciborum
919 3907 1109 3986 luxuric,·qoa

88 4011 192 4070 corpus
208 3995 375 4071 corrumpis,
391 4005 457 4051 vota
472 3994 552 4052 irrita
569 3992 674 4052 reddis.
701 3994 826 4051 l'uccetc
843 4012 872 4052 a.
889 4013 917 4052 v.
933 4001 1018 4051 tucca
1031 3991 1108 4051 deri·

88 4088 180 4148 vatur,
196 4075 269 4157 quod
292 4080 319 4136 in
339 4079 489 4156 glossariis
511 4085 551 4156 (p.
574 4082 637 4140 218
662 4078 695 4137 fl.
713 4077 828 4156 Stepb.)
844 4077 1003 4155 explicatur
1017 4074 1109 4135 κατά-

87 4181 167 4239 χυμα
182 4163 295 4239 ζωμοῦ,
312 4162 385 4223 unde
400 4164 428 4222 in
444 4164 559 4223 Tuccae
575 4165 686 4222 nomine
701 4162 768 4222 lusit
788 4161 928 4222 Martialis
951 4161 1027 4237 (ΧΠ,
1041 4167 1106 4234 41).

89 4244 250 4307 Secundum
264 4247 420 4307 Arnobium
437 4248 501 4321 (Vll
522 4270 550 4327 p.
566 4254 627 4311 271
644 4249 730 4322 Elm.)
750 4258 864 4307 tucceta
878 4249 906 4307 in
927 4249 1046 4327 exiguas
1060 4267 1108 4306 ar·

87 4333 152 4390 vina
168 4342 214 4391 est
228 4334 344 4393 miculas
360 4345 390 4393 ct
410 4333 457 4392 ilia
480 4335 605 4392 minutim
621 4336 730 4393 insecta
752 4331 788 4391 de
804 4352 901 4406 more,
923 4343 1000 4393 teste
1016 4333 1106 4392 scbol.

87 4415 122 4473 ad
146 4437 173 4474 n.
189 4416 208 4475 Ι.
232 4416 305 4495 apud
329 4417 426 4478 Gallos
448 4417 605 4497 Cisalpinos
627 4419 730 4478 bubula
752 4416 900 4478 dicabatur
925 4439 993 4477 caro
1012 4415 1109 4478 condi·

126 4522 243 4560 nursino.
878 4507 897 4565 9
1142 4516 1144 4521 '
