2574 5054
222 761 287 831 ses
474 762 606 826 scuou.
627 764 681 827 Au
698 717 835 842 ssuv,
850 771 1001 833 sr-ss.
1078 745 1116 759 ”

231 993 237 1001 ,
388 937 446 995 Dic
458 938 559 996 senior
572 936 654 998 tutta
669 939 853 1016 dignissime,

156 1067 160 1074 .
223 1019 252 1081 tt
266 1030 326 1092 eet,
342 1021 389 1101 qui
404 1020 504 1100 dignus
518 1034 564 1081 est
577 1021 634 1082 dici
648 1043 731 1103 puer.
803 1025 967 1084 Succinctus
983 1023 1108 1085 laribusz
1128 1022 1248 1097 ‘Quis

178 1176 179 1180 ,
225 1106 369 1169 (iebiuo
391 1107 518 1166 habitu
540 1107 755 1168 ctnett1lti
782 1108 944 1169 Penates
965 1108 1246 1180 formabuntu‘r;

224 1192 395 1251 obvoluti
424 1202 511 1271 toga
533 1212 647 1272 supra
668 1195 850 1254 humerum
871 1192 1090 1266 sinistrum,
1106 1193 1246 1255 dextro

227 1275 319 1338 nullo
335 1276 380 1336 ².*
427 1315 438 1328 -
1049 1282 1051 1286 '

211 1372 222 1388 '
310 1382 364 1440 32.
389 1377 726 1452 tenebrascimus,
750 1377 912 1441 adulatores
937 1379 1005 1440 elicit
1019 1380 1244 1442 adulescentium

225 1484 342 1536 servos,
367 1464 414 1543 qui
436 1463 556 1523 blandiri
576 1463 687 1524 domiue
707 1463 802 1525 adulto
824 1476 1048 1538 consueverunt,
1071 1487 1141 1547 quos
1158 1487 1244 1546 prue-

224 1561 351 1611 textetos
377 1549 560 1609 coercelteut.
649 1552 778 1631 Totaque
807 1553 922 1630 impune
950 1551 1080 1611 Subura.
1119 1552 1243 1612 Subura

224 1656 292 1718 pers
307 1635 537 1715 frequentissime
549 1634 637 1706 urbis,
652 1636 795 1697 illecebris
810 1638 903 1716 plena.
923 1637 962 1696 Et
976 1647 1022 1696 est
1037 1656 1154 1696 sensns:
1170 1635 1243 1697 Curn

225 1722 291 1780 mihi
313 1721 443 1779 iuventus
465 1721 610 1780 concessit
633 1721 722 1782 libere
744 1723 888 1782 ambulare
912 1732 943 1783 ct
970 1724 1032 1782 sine
1060 1724 1243 1783 correctione

225 1804 368 1877 custodis,
384 1825 456 1886 quae
471 1805 589 1878 vellem,
604 1808 746 1887 aspicere.

309 1911 361 1970 33.
384 1908 539 1986 Sparsisse
561 1909 678 1982 oeulos,
705 1908 760 1970 huc
782 1905 849 1968 illud
871 1905 1018 1969 detulisse.
1103 1911 1246 1970 Permisit

224 1994 390 2075 sparsisse,
413 1994 478 2072 quia
509 1993 564 2053 lroc
593 2005 675 2073 turpe
705 1992 909 2074 praetextatis3
939 1991 1013 2054 iclem
1041 1996 1069 2054 in
1092 1996 1242 2055 iuvenibus

144 2098 147 2104 ·
225 2077 525 2140 miuusuotubileest.
611 2078 1243 2159 {Candidusumbomuucuclope-

224 2165 299 2235 soie
318 2183 383 2243 pro
404 2172 512 2277 tpgu,
534 2163 696 2244 alioquin
718 2175 756 2225 et
778 2166 814 2225 in
834 2174 1038 2245 praetextu
1059 2164 1242 2226 candidus

227 2251 328 2311 umbo
351 2259 416 2309 est.
819 2242 833 2282 ·’

311 2355 363 2416 st.
389 2353 516 2431 Cumque
531 2354 590 2412 iter
604 2351 771 2432 pmbr‘guuus
787 2360 841 2411 est.
862 2347 1094 2412 Adolescentinm
1108 2351 1156 2412 vel
1170 2372 1243 2431 pue·

224 2440 316 2500 citium
338 2436 407 2497 ‹licit
428 2438 504 2496 iuter
525 2438 643 2498 virtutes
659 2448 689 2499 et
701 2436 775 2496 uitis
789 2447 950 2509 nutantem,
971 2436 1052 2510 ideo,
1074 2435 1148 2519 quosl
1163 2439 1191 2497 in
1205 2457 1243 2498 ec

224 2524 310 2604 positi
330 2522 492 2582 nescientes
514 2542 661 2596 erramus,
694 2520 757 2581 tun
778 2522 927 2602 ambigitur
947 2534 1038 2582 utrum
1053 2522 1089 2582 cd
1109 2524 1241 2594 virtutes,

223 2631 259 2671 nn
275 2607 311 2668 ccl
325 2609 393 2667 vitis
407 2604 553 2667 declinere
568 2608 697 2668 velimus.
733 2607 792 2666 lloc
807 2627 877 2687 ergo
892 2607 1044 2668 secuudum
1056 2608 1243 2690 Pythagoree

224 2696 382 2764 rationem,
407 2693 454 2773 qui
469 2691 496 2752 Y
510 2693 620 2754 literam
642 2691 760 2754 similem
774 2694 851 2754 vites
866 2704 980 2755 nostrae
996 2692 1117 2757 (licebat.
1182 2692 1243 2754 Aut

223 2799 313 2841 error
335 2779 383 2859 qui
405 2788 451 2836 est
465 2779 544 2838 uitae
564 2780 698 2852 nescius,
721 2777 749 2837 itl
771 2790 833 2849 cst,
855 2776 993 2858 quomodo
1015 2776 1163 2839 vivendum
1185 2780 1241 2852 sit3

223 2876 273 2927 eut
287 2866 365 2925 or'tee
379 2883 485 2938 error,
501 2864 548 2944 qui
563 2875 609 2925 est
622 2864 754 2936 nescius,
769 2864 814 2923 vel
829 2862 991 2943 imprudens
1006 2874 1036 2926 et
1050 2865 1163 2924 stultus.

309 2970 361 3030 35.
382 2966 510 3026 Deducit
523 2967 655 3046 trepsllus
664 3009 674 3039 ,
691 2966 832 3027 ulternere
849 2966 995 3045 preposite
1009 2966 1097 3040 iecit,
1113 2977 1143 3028 et
1157 2963 1243 3026 modo

222 3054 296 3125 lice,
327 3050 409 3111 molo
436 3050 504 3110 illut
524 3052 581 3112 iter
601 3052 771 3131 cogitatione
797 3050 1023 3131 apprchendere.
1116 3054 1241 3112 llemosu

117 3204 122 3213 ,
223 3139 349 3218 compita
364 3136 432 3196 dicit
445 3136 542 3215 plures
557 3138 618 3197 vies
633 3136 783 3210 habentis,
805 3137 877 3196 utin
900 3147 1047 3198 stemmate
1062 3139 1132 3197 nni
1148 3139 1242 3217 sparsi

223 3225 318 3284 solent
339 3241 417 3283 esse.
507 3223 639 3301 Compita
660 3223 775 3301 proprie
801 3220 948 3295 dicuntur,
974 3220 1023 3284 ubi
1047 3224 1150 3284 multae
1172 3242 1242 3283 con·

223 3311 341 3371 veniunt
354 3309 435 3378 viee,
453 3316 485 3366 ut
499 3309 626 3378 trivium,
642 3318 690 3367 eut
704 3306 888 3387 quadrivium.

307 3413 360 3472 36.
382 3410 433 3468 Me
449 3409 506 3471 tibi
516 3411 674 3488 supposui,
697 3419 827 3490 tunquam
843 3406 955 3489 aliquod
969 3408 1070 3488 pignus
1086 3413 1109 3470 ⁸.
1142 3408 1181 3470 Et
1195 3421 1243 3469 ert

224 3493 313 3555 ordo:
337 3494 405 3553 Cum
420 3496 537 3573 primurn
552 3493 654 3573 pevislo
669 3505 766 3555 custos
782 3495 847 3553 mihi
860 3514 983 3574 purpure
1003 3495 1108 3568 cessit,
1129 3514 1173 3554 me
1189 3495 1241 3555 tibi

225 3579 372 3659 supposui.
463 3581 589 3639 Teucros
612 3590 644 3639 tu
665 3581 790 3660 suscs'pis
812 3600 922 3653 annos,
945 3579 1001 3640 hoc
1017 3591 1078 3653 est,
1094 3581 1241 3640 ineuntem

225 3664 446 3726 adolescentium
469 3684 559 3749 meum
571 3666 739 3747 -sepieutiee
763 3665 965 3739 contubernio,
988 3676 1018 3727 et
1032 3666 1130 3725 moruli
1145 3663 1241 3725 crudi·

226 3836 238 3890 l
259 3837 344 3887 cincti
358 3833 415 3886 cccl.
435 3831 495 3884 Per.
514 3833 701 3889 uetuerunt.
720 3831 801 3885 Trcv.
819 3835 887 3902 epncl
906 3832 1077 3898 Crenncrnm,
1090 3832 1202 3903 Syntot.
1216 3831 1241 3886 ll

259 3920 284 3972 p.
303 3902 364 3957 377.
383 3901 427 3967 (ΙΙΙ
445 3917 469 3969 p.
489 3903 540 3956 332
557 3903 599 3954 ed.
617 3904 657 3968 3).
681 3905 823 3968 cinctuque
840 3903 901 3957 Vin.
920 3903 989 3956 riu.
1008 3905 1126 3956 mortio
1137 3903 1179 3954 etl.
1199 3918 1240 3971 pr.

260 3974 327 4039 quod
345 3970 447 4023 Mercu.
468 3971 581 4037 explicet
593 3972 665 4038 pelle
683 3975 789 4022 cunina.

224 4042 287 4098 2et
305 4041 353 4092 sut
372 4040 471 4092 dextro
489 4055 538 4091 oru.
557 4039 629 4092 nudo
652 4040 709 4092 ent.
727 4039 787 4092 Per.
807 4040 884 4095 cett.
904 4041 947 4093 erl.
966 4048 1006 4108 pr.
1032 4055 1065 4091 su
1129 4039 1242 4090 bucnero

258 4113 372 4161 sinistro
395 4114 424 4159 et
442 4107 542 4160 neem
567 4108 622 4159 cot.
646 4107 693 4160 Tr.
720 4107 761 4160 (ii.
788 4107 899 4173 titillor,
925 4109 1030 4162 lltrnrk.
1093 4123 1117 4175 p.
1136 4108 1189 4162 333
1215 4113 1242 4158 et

258 4177 437 4237 'l'ticrsclrius‚
448 4177 473 4226 iu
483 4175 837 4230 lehreslscrichtetl.lltiu.Be
858 4178 966 4229 esschen
979 4176 1059 4229 Acci.
1074 4174 1121 4243 lp.
1135 4176 1168 4230 2⁹
1182 4189 1238 4242 sqq.

258 4249 302 4312 qui
326 4247 389 4297 cluss
414 4247 531 4296 diverses
555 4247 654 4310 plueret
678 4246 704 4297 iu
728 4246 755 4296 h.
781 4194 863 4297 selsel.
888 4247 1044 4312 distinguit3
1068 4252 1157 4296 contre
1181 4260 1241 4296 enm

257 4316 371 4436 plgsputet
380 4313 548 4435 ltssterliue
567 4313 686 4381 Pelliopr.
695 4314 831 4367 Bemcrkk.
840 4313 884 4366 us.
900 4330 925 4367 e.
939 4313 1102 4367 llcileertcln
1114 4312 1239 4381 (Lentu.

117 4420 122 4441 .
292 4386 324 4436 tu
374 4420 381 4435 .
446 4397 459 4432 s
494 4419 501 4434 .

223 4451 240 4503 3
258 4450 301 4504 (tt.
320 4386 377 4504 iul.
397 4398 643 4520 uernll„sep0sus,
662 4450 746 4519 pclielt
764 4451 816 4505 mili
835 4451 991 4516 nnosclir.“
1010 4477 1027 4535 ι·
