2574 5054
421 759 785 828 innitentium.
994 786 1118 833 ccxxix

84 926 143 993 2⁰.
166 926 294 995 Weber
305 926 344 994 de
358 928 457 1015 intpp.
473 927 555 996 Luc.
572 952 602 1015 p.
617 929 684 1017 X):
713 932 834 997 Pontus
856 930 1117 1023 Comtentinopo·

87 1030 210 1094 hiesu
238 1029 401 1095 emmdeoi
423 1050 519 1096 mesre
546 1053 617 1096 mea
635 1034 734 1098 solue.
778 1032 886 1103 Virum
908 1037 959 1119 qni
981 1038 1118 1103 nonfuit

84 1131 304 1216 psammeticus
323 1150 384 1198 nee
403 1133 559 1199 interioris
585 1133 701 1199 ordinis
731 1155 834 1199 eurem
864 1136 898 1199 in
928 1140 1117 1205 emendando

84 1235 195 1299 codice
209 1234 367 1318 posuisse,
391 1254 481 1300 remo
496 1233 672 1315 mirabitur,
695 1236 744 1319 qni
759 1236 950 1319 meminerit,
972 1251 1116 1323 quentum

84 1335 217 1399 studium
239 1333 355 1418 antiqui
375 1332 510 1400 Romani
531 1337 563 1400 in
584 1335 671 1401 bonis
692 1346 724 1402 et
744 1338 913 1403 emendatis
934 1341 1115 1425 scriptorum

84 1435 312 1521 exemplrrilsns
326 1436 547 1502 eodooeverint
566 1446 590 1503 ¹.
622 1433 815 1524 Comperent
834 1440 867 1503 in
887 1439 1117 1526 subscriptioni·

82 1535 140 1602 line
165 1536 441 1603 illustrissimorum
467 1539 602 1606 meorum
629 1539 772 1616 nomine,
806 1542 857 1624 qui
878 1540 958 1606 hunc
979 1543 1115 1608 lahorem

83 1661 147 1704 eon
177 1652 297 1724 turpem
326 1649 488 1724 prterunt,
525 1651 559 1705 nt
588 1638 730 1705 Turoii
758 1640 856 1706 Ruti
883 1645 1116 1730 Aproniani

83 1741 240 1807 Asterii
255 1737 435 1807 etVettii
450 1740 758 1826 Agoriillesilii
773 1740 990 1826 Mavortii,
1013 1749 1052 1810 ol.
1070 1745 1112 1811 ll.

81 1841 215 1908 Peerlk.
231 1842 269 1907 ed
285 1840 361 1908 Hor.
376 1864 407 1928 p.
422 1840 518 1907 xxi.
548 1842 683 1929 Insignis
706 1845 744 1908 de
762 1845 819 1910 hue
833 1867 869 1911 re
884 1858 933 1911 est
945 1845 1114 1915 Frontonis

82 1946 170 2010 locus
192 1945 278 2030 (epp.
301 1946 340 2010 ed
363 1943 412 2008 Μ.
437 1942 531 2011 Caes.
547 1943 574 2024 l,
591 1944 659 2031 lip.
677 1945 717 2010 15
740 1947 790 2010 cd.
808 1945 900 2010 Rom.
925 1945 970 2027 Π,
990 1947 1007 2011 1
1024 1970 1055 2032 p.
1071 1946 1115 2013 to

82 2046 220 2127 Nice.»
253 2043 533 2132 Conngiesequid
550 2050 615 2112 tole
635 2047 685 2112 M.
710 2046 846 2126 Porcio,
869 2057 926 2111 oret
942 2048 981 2129 Q.
997 2048 1113 2128 Enete,

82 2159 139 2212 ent
161 2146 200 2213 0.
222 2146 388 2223 Graccho,
418 2157 476 2212 eut
490 2147 581 2212 ⁴Titio
598 2151 737 2232 poetae?
764 2147 843 2234 quid
849 2151 865 2211 t
894 2148 1038 2234 Scipioni
1055 2162 1114 2216 eut

82 2249 274 2329 Numidico,
298 2248 395 2336 quid?
415 2248 467 2314 M.
488 2249 590 2314 Tullio
607 2251 669 2314 tole
682 2271 742 2314 uere
757 2251 864 2314 censi?
888 2250 1024 2331 Quorum
1039 2251 1117 2316 libri

77 2355 288 2438 pretiosiores
299 2350 456 2416 debentur
468 2362 500 2416 et
514 2372 661 2415 summum
675 2352 815 2436 gloriam
829 2354 978 2426 retinent,
994 2353 1025 2414 ιι·
1037 2363 1113 2416 sunt

84 2498 93 2515 .
119 2499 131 2518 .
155 2452 374 2539 Lampadione
393 2464 450 2518 aut
470 2452 616 2518 Stoberio
639 2463 696 2516 out
718 2498 726 2515 .
746 2499 755 2516 .
774 2496 783 2514 .
802 2498 811 2516 .
829 2454 867 2516 rei
891 2461 948 2515 eret
970 2453 1111 2534 [lirone]

82 2565 140 2620 aest
163 2554 262 2619 Aelio
279 2599 402 2620 .....
424 2564 480 2618 aut
500 2554 613 2618 Attico
634 2563 693 2617 eut
709 2553 833 2638 Nepote
850 2560 875 2617 ².
912 2553 991 2620 Mea
1010 2558 1112 2619 oratio

80 2656 212 2722 atate
224 2655 276 2722 M.
296 2654 444 2721 ceam
458 2676 552 2720 monn
571 2658 703 2742 empto.
735 2653 823 2739 Quae
845 2676 1022 2740 quamquem
1046 2679 1111 2722 mn·

80 2762 135 2825 tile
153 2765 167 2802 ³
181 2770 285 2824 umen
299 2760 389 2824 leeile
402 2769 530 2844 possunt
543 2759 687 2842 intelligi,
706 2769 738 2823 et
751 2769 877 2843 eppsret
891 2759 982 2838 inde,
999 2760 1031 2823 in
1045 2759 1112 2845 ipso

82 2964 95 3016 l
115 2962 161 3014 Cl.
180 2976 247 3030 quse
264 2963 396 3026 messuit
413 2960 517 3015 Welclt.
538 2963 569 3014 de
588 2970 644 3014 erte
662 2962 735 3014 critt.
753 2969 819 3013 vett.
840 2961 911 3013 Rom.
930 2961 962 3024 ll,
983 2963 1007 3014 5.

80 3051 98 3105 2
115 3048 364 3114 Lenpediouie
381 3049 541 3112 mmmetiei
559 3047 645 3112 (Suet.
659 3064 699 3111 er.
712 3048 741 3113 2)
760 3063 837 3098 menn
854 3047 1014 3098 emendeturn
1034 3046 1110 3098 Ennii

115 3117 251 3178 exemplet
267 3123 446 3168 commemoret
463 3115 565 3168 Gellius
583 3115 692 3182 (XVlll,
711 3118 754 3177 5t;
774 3116 951 3167 Steberius
969 3116 1053 3179 (Suet.
1068 3131 1109 3180 gr.

115 3185 161 3237 Β.
182 3184 250 3236 Plie.
265 3183 380 3249 XXXV,
394 3185 438 3252 ll,
453 3186 511 3250 58),
537 3193 565 3236 et
581 3187 705 3236 Aelius
724 3185 832 3246 Stilo,
858 3192 887 3235 nt
903 3187 981 3236 etiem
998 3185 1111 3235 lleusdio

114 3255 161 3317 (de
179 3252 211 3303 L.
231 3253 290 3305 tel.
308 3252 368 3305 Stil.
389 3270 414 3321 p.
433 3255 529 3321 l‘tsq.)
555 3255 675 3317 videtur,
701 3255 743 3371 poi
768 3255 799 3304 de
823 3254 899 3303 nnius
925 3269 980 3304 cnm
1007 3251 1111 3304 Metello

114 3322 255 3375 Numidico
277 3323 463 3373 consuetudine
487 3323 622 3386 elueret,
653 3321 768 3373 celeres
798 3321 970 3384 premetter.
1009 3321 1109 3383 Tiro,

114 3399 243 3458 questum
267 3390 381 3442 studium
404 3389 568 3455 renitescit,
594 3398 625 3442 nt
646 3392 747 3457 petroni
771 3391 812 3440 sui
835 3390 896 3441 libri
915 3389 1048 3441 emendate
1066 3405 1111 3441 ex·

113 3468 237 3523 sterent,
256 3468 344 3511 uotum
354 3466 395 3511 est
406 3475 463 3510 cunr
475 3475 507 3510 ex
520 3461 575 3526 ipsu
586 3458 720 3524 Cicerone,
740 3467 792 3509 turn
806 3474 838 3508 es
850 3456 945 3522 Gellio,
965 3457 998 3508 el.
1016 3457 1109 3522 Empel-

114 3530 248 3593 broneer,
267 3529 299 3579 de
317 3526 352 3580 ΙΙ.
367 3527 455 3579 Tullio
467 3526 564 3579 Tirone
576 3543 599 3595 p.
614 3529 646 3580 37
658 3544 713 3594 sqq.
732 3526 880 3578 Atticum
893 3542 1008 3590 megnem
1022 3542 1108 3576 curum

113 3598 247 3661 gessisse,
267 3605 296 3648 ut
308 3597 439 3648 Ciceronis
456 3598 554 3664 scripte
572 3597 605 3647 eb
623 3597 733 3648 eruditis
752 3596 866 3646 libres-iis
883 3595 996 3646 lldeliter
1012 3596 1111 3645 deseri-

114 3668 259 3728 bereutur,
284 3666 348 3716 estis
374 3673 490 3728 constet,
518 3682 545 3716 v.
571 3665 715 3716 llullemen.
741 3665 819 3714 distr.
843 3665 869 3714 in
893 3662 924 3715 T.
945 3663 1109 3730 Pomponium

114 3735 233 3786 Atticum
251 3750 275 3801 p.
296 3734 345 3786 tte
358 3750 432 3802 ηιμ
456 3734 537 3802 ipsum
564 3734 762 3785 emendatricem
780 3748 882 3783 menum
901 3732 1027 3783 elicuisse
1046 3731 1108 3783 elibi

112 3803 242 3855 traditum
261 3817 309 3853 uon
328 3811 377 3853 eet.
397 3801 462 3854 Nem
480 3803 513 3854 ed
531 3803 664 3854 Ciceronis
682 3804 789 3853 emicem
806 3802 829 3851 h.
847 3802 863 3852 Ι.
884 3801 969 3866 potius
988 3801 1107 3864 referem,

131 3886 192 3922 uem
205 3871 239 3921 ed
251 3870 323 3921 illem
335 3873 465 3936 Atticum,
483 3873 557 3923 enies
571 3872 688 3940 peritiem
704 3873 729 3922 in
742 3870 920 3922 describendis
933 3870 1006 3920 codd.
1019 3868 1110 3920 tendet

112 3889 265 4001 lucianus,
284 3939 317 3991 el.
338 3938 453 4007 Ssuppe‚
472 3956 513 4007 ep.
527 3941 587 3992 crit.
602 3957 626 4007 p.
642 3938 684 3993 50.
704 3939 799 3991 Corn.
817 3936 969 4004 Nepotem
989 3937 1109 3989 Ciceroni

112 4011 227 4062 emirum
252 4007 334 4060 luisse
359 4008 426 4074 (Cic.
446 4010 478 4060 ed
496 4009 551 4061 Att.
570 4008 643 4072 XVl,
663 4009 710 4073 5),
736 4008 768 4059 ed
790 4023 847 4058 eum
866 4006 988 4073 epistoles
1007 4008 1108 4058 dedisse

110 4078 199 4141 (Leet.
220 4075 241 4128 Ι.
259 4075 290 4128 Ι).
310 4075 355 4140 ΙΙΙ,
376 4077 419 4141 ΙΙΙ,
439 4077 502 4142 ΙΙΙ),
527 4078 633 4129 deeius
652 4079 707 4128 vite
724 4078 860 4143 scripsisse
885 4073 968 4140 (Geli.
985 4074 1043 4140 XV,
1062 4075 1108 4139 28)

111 4148 222 4198 eliuede
240 4152 327 4197 uotum
346 4144 410 4211 tote,
428 4147 525 4214 scripte
540 4145 672 4198 Ciceronis
691 4161 747 4196 euni
765 4145 913 4195 emeudnese
926 4159 1028 4194 novum.
1047 4142 1107 4195 Alie

112 4217 218 4267 eumin
243 4214 312 4267 teet
331 4214 410 4266 delle
427 4221 485 4281 post
501 4215 602 4267 Aelium
619 4221 815 4267 commemorete
833 4219 923 4278 eruut,
946 4212 991 4263 ulii
1015 4213 1106 4263 lecnne

112 4293 156 4337 est
174 4284 233 4351 plus
250 4299 325 4351 quem
343 4284 450 4335 duorum
468 4299 599 4336 versuum.

79 4371 94 4422 l
112 4372 153 4423 Ee
171 4372 210 4422 itu
230 4371 349 4422 restituit
366 4367 504 4422 lieeelem
528 4371 555 4421 ln
573 4376 760 4437 progremmete
778 4366 881 4419 seholeo
898 4363 1064 4416 lloelebensis
1081 4380 1106 4414 e.

115 4442 184 4493 tere
203 4456 229 4507 p.
249 4438 283 4492 de
306 4438 339 4491 δι’
348 4443 414 4492 eost
429 4439 561 4508 descripti
577 4454 594 4490 e
613 4435 812 4507 lampedione,
832 4435 1020 4565 αέιιὴδιαὺσνίο
1030 4469 1039 4497 ,
1058 4439 1107 4483 ent
