2574 5054
419 727 790 793 PROLEGOMENA.
1056 749 1115 795 eur

86 921 174 967 saec.
189 894 255 965 xl!
271 908 353 964 totns
367 895 496 964 Persius
513 899 683 985 descriptus
698 908 747 963 est
754 897 812 978 (M
814 895 875 981 1.).
899 895 1014 964 Habuit
1027 897 1115 963 buius
1183 959 1186 964 .

88 1001 159 1068 eod.
175 1023 229 1067 vv.
245 1002 278 1065 ll.
295 998 464 1066 Passovins
480 1004 526 1085 (v.
544 1024 572 1086 p.
589 997 650 1066 Vll
665 1002 741 1087 ιφ).

176 1099 255 1167 Cod.
273 1101 453 1167 chartaceus
469 1125 500 1167 u.
515 1101 580 1168 260
594 1101 649 1183 (Μ
663 1101 730 1188 5.),
754 1105 852 1167 lorma
867 1101 1017 1177 maxima,
1042 1119 1115 1169 con·
1126 1105 1157 1158 M
1169 1109 1193 1158 5.

86 1205 168 1271 tinet
187 1202 364 1270 iuvenalem
385 1215 418 1270 et
437 1202 598 1281 Persium,
622 1205 702 1270 beno
725 1205 867 1290 scriptos.
898 1199 936 1266 ln
952 1204 1010 1266 line
1026 1197 1115 1264 luve-

87 1307 168 1371 nalis
190 1307 332 1391 seriptum
356 1317 422 1371 est:
453 1303 548 1370 1470.
572 1305 660 1369 Laus
681 1306 751 1370 deo.
780 1307 895 1392 uigilia
920 1303 1058 1389 symonis
1082 1309 1116 1364 et

86 1406 193 1471 iudeo.
219 1406 361 1472 Pudens.
395 1405 433 1471 lu
448 1410 507 1473 fine
522 1405 626 1473 Persii
639 1407 769 1492 legiturs
798 1408 915 1474 Teioo

760 1500 820 1591 et.
840 1515 875 1584 a·
893 1513 988 1582 uu

713 1611 888 1678 Antonius.
907 1607 1068 1693 Ruedolff.

88 1708 243 1779 Collatum
257 1710 318 1776 iam
333 1711 437 1778 habuit
450 1711 630 1780 Passovius.

175 1811 256 1879 cot.
278 1836 312 1879 u.
336 1811 399 1879 526
421 1814 478 1900 (Μ
487 1814 557 1893 6.),
594 1815 790 1893 chartaceus,
827 1815 926 1879 forma
952 1813 1111 1897 quadrata,
1125 1821 1191 1874 Md.

88 1917 230 1982 continet
248 1913 391 1982 Persium
413 1927 444 1980 et
462 1917 587 1981 scholia.
612 1914 648 1980 ln
664 1917 723 1980 fine
738 1916 883 2000 scriptum
898 1926 967 1980 esta
996 1913 1121 1999 Sombat

88 2017 307 2082 Hnrtmunnus
328 2016 465 2083 Schedel
483 2017 522 2081 de
542 2017 764 2102 Nuremberga
785 2038 829 2082 em
849 2018 1014 2081 veterrimo
1037 2015 1117 2080 libro

89 2119 236 2183 coenobii
248 2119 284 2184 S.
305 2118 451 2184 Udalrici
461 2119 645 2204 Augustae.
676 2118 774 2184 Anno
791 2115 875 2183 1470
890 2116 940 2180 die
954 2117 975 2182 9
988 2117 1116 2182 Mertai.

87 2220 178 2286 Laos
199 2222 281 2286 Deo.
319 2218 367 2286 lta
387 2232 472 2287 recte
495 2222 617 2287 tradidit
638 2216 860 2288 Passovius
885 2221 927 2304 (p.
947 2215 1044 2300 Vll),
1068 2218 1117 2302 qui

89 2323 232 2387 collatum
264 2343 331 2387 enm
360 2322 481 2402 habuit,
510 2334 542 2388 et
569 2322 695 2401 nescio,
727 2323 798 2405 quid
828 2320 976 2387 acciderit
1005 2317 1045 2384 C.
1073 2317 1115 2384 Ε.

89 2418 285 2503 tirannio,
315 2425 364 2509 qni
393 2425 424 2488 in
456 2425 579 2489 dissert.
611 2427 648 2490 de
678 2424 720 2487 A.
751 2422 850 2487 Persii
881 2421 984 2487 Flacci
1014 2419 1118 2487 satiris

90 2524 195 2604 (Giitt.
215 2523 297 2591 1830
312 2550 340 2613 p.
354 2523 412 2609 2⁰)
429 2528 606 2606 contendit,
631 2546 752 2592 errasse
774 2522 974 2602 Passorium,
998 2535 1031 2590 et
1045 2523 1115 2587 cod.

90 2628 273 2712 descriptum
302 2649 371 2694 esso
403 2629 442 2693 ad
470 2629 630 2715 exemplar
658 2626 794 2694 Udalrici
820 2621 962 2692 Venetiis
991 2627 1113 2691 editum.

91 2728 158 2796 llos
174 2732 264 2795 codd.
283 2729 399 2795 contuli
413 2751 444 2794 a.
464 2728 557 2795 1834.

175 2846 254 2914 Cod.
285 2852 366 2936 sign.
397 2830 442 2951 Ῑῖ,
464 2849 496 2912 iu
520 2850 573 2913 lol.
599 2831 1194 2927 11o‘st'iumm0rami<u17.),uu

91 2966 277 3044 membran,
302 2969 400 3031 forma
415 2965 577 3051 quadrata,
602 2987 684 3031 saec.
701 2965 762 3031 ΧΙ.
787 2965 876 3030 Hunc
892 2966 1027 3030 codicem
1043 2984 1118 3029 euu-

92 3071 161 3134 dem
183 3087 252 3132 csse
274 3068 431 3153 suspicor,
457 3068 494 3133 de
521 3089 579 3151 quo
607 3067 805 3133 lirausius
833 3067 909 3150 (1.1.
927 3089 957 3151 p.
976 3064 1116 3150 llisqq.)

91 3173 168 3237 baec
188 3171 294 3235 affert:
320 3167 496 3247 „Continet
517 3171 607 3234 etiam
632 3170 786 3235 Horatii
806 3169 939 3234 carmina
955 3180 986 3232 et
1000 3188 1117 3233 sermo·

91 3293 168 3351 nes,
192 3275 361 3357 fragmenta
384 3274 528 3356 quaedam
551 3285 583 3338 et
597 3273 730 3338 libellum
746 3273 897 3355 integrum
914 3271 951 3334 de
967 3270 1116 3336 divisione

91 3376 182 3440 nnius
204 3375 269 3439 sive
291 3373 368 3438 assis
391 3374 458 3439 siue
481 3375 571 3438 dubio
593 3374 752 3460 scriptoris
773 3374 909 3453 veteris,
940 3390 1117 3456 quamquam

89 3477 222 3562 proximi
237 3474 391 3541 Martiano
409 3474 571 3559 Capellae,
596 3488 630 3539 ut
644 3478 741 3562 stylus
757 3476 868 3560 arguit.
900 3472 958 3538 llic
978 3473 1055 3538 liber
1067 3474 1117 3538 lit·

90 3590 188 3644 teram
210 3578 232 3641 Ιι
255 3599 316 3641 non
339 3578 462 3656 scribit,
486 3578 541 3642 sed
564 3578 629 3641 eius
644 3579 712 3641 loco
727 3577 864 3664 spiritum
880 3597 1021 3663 asperum
1037 3575 1118 3640 auti·

91 3702 181 3764 quum
198 3678 256 3771 (l)
272 3680 358 3764 ponit
372 3703 404 3744 v.
422 3703 450 3744 c.
473 3676 564 3769 lubet
585 3700 640 3764 pro
662 3678 775 3756 babet,
798 3677 928 3770 lederna
948 3700 1003 3765 pro
1024 3675 1117 3742 bede·
1225 3689 1228 3695 ’

90 3803 167 3857 rue,
192 3782 285 3845 utitur
300 3783 391 3845 etiam
406 3782 518 3846 notulis
533 3781 592 3845 illis
608 3783 780 3846 criticorum
801 3792 900 3860 retu,
924 3801 998 3864 ques
1019 3775 1115 3843 Isido-

91 3904 145 3947 rus
161 3881 352 3967 Hispalensis
368 3880 474 3966 (Orig.
490 3879 518 3961 1,
537 3882 570 3968 1)
585 3883 674 3947 nobis
689 3884 896 3950 conservavit.
926 3877 962 3946 lu
977 3880 1115 3964 margine

91 3986 214 4068 glossae
250 3984 467 4063 inveniuntur,
504 3995 535 4047 et
561 3985 592 4047 in
621 3985 772 4050 schedulis
801 3984 953 4050 nonnullis
988 3982 1116 4048 adiectis

91 4087 262 4170 fragmenta
289 4087 370 4152 illius
401 4088 628 4164 commentarii,
667 4089 716 4170 qui
744 4086 836 4170 vulgo
867 4084 1063 4164 Cornuto,
1096 4103 1116 4150 a

92 4200 201 4252 nostro
217 4189 322 4255 codice
338 4187 506 4255 Valerio
526 4185 653 4253 Probo
675 4190 870 4272 grammatico
894 4187 1054 4266 tribuitur,
1076 4185 1115 4251 ab

91 4291 151 4355 alia
175 4312 266 4355 mauu
286 4291 440 4375 scripta.“
477 4288 543 4356 flac
566 4292 604 4356 dc
626 4310 661 4356 re
681 4312 728 4356 mo
749 4289 822 4354 nihil
836 4290 1007 4356 accuratius
1021 4288 1114 4366 scire,

93 4393 195 4457 doleo.
