<?xml version="1.0" encoding="UTF-8"?>
<!DOCTYPE html PUBLIC "-//W3C//DTD XHTML 1.0 Transitional//EN"
    "http://www.w3.org/TR/xhtml1/DTD/xhtml1-transitional.dtd">
<html xmlns="http://www.w3.org/1999/xhtml" xml:lang="en" lang="en">
 <head>
  <title>
</title>
<meta http-equiv="Content-Type" content="text/html;charset=utf-8" />
  <meta name='ocr-system' content='tesseract 3.04.00' />
  <meta name='ocr-capabilities' content='ocr_page ocr_carea ocr_par ocr_line ocrx_word'/>
</head>
<body>
  <div class='ocr_page' id='page_1' title='image "./satirarumliberc00jahngoog_0226.png"; bbox 0 0 2574 5054; ppageno 0'>
   <div class='ocr_carea' id='block_1_1' title="bbox 195 742 1132 1000">
    <p class='ocr_par' dir='ltr' id='par_1_1' title="bbox 195 742 1132 1000">
     <span class='ocr_line' id='line_1_1' title="bbox 438 742 1132 813; baseline 0.01 -7"><span class='ocrx_word' id='word_1_1' title='bbox 438 742 803 808; x_wconf 72' lang='lat' dir='ltr'><strong>PROLEGOHENA.</strong></span> <span class='ocrx_word' id='word_1_2' title='bbox 1057 765 1132 813; x_wconf 77' lang='lat' dir='ltr'><strong>cess</strong></span> 
     </span>
     <span class='ocr_line' id='line_1_2' title="bbox 195 909 1132 1000; baseline 0.002 -23"><span class='ocrx_word' id='word_1_3' title='bbox 195 909 311 977; x_wconf 77' lang='lat' dir='ltr'><strong>nomm</strong></span> <span class='ocrx_word' id='word_1_4' title='bbox 334 913 424 977; x_wconf 88' lang='lat' dir='ltr'><strong>codd.</strong></span> <span class='ocrx_word' id='word_1_5' title='bbox 447 911 478 978; x_wconf 91' lang='grc' dir='ltr'><em>Ρ</em></span> <span class='ocrx_word' id='word_1_6' title='bbox 496 911 529 977; x_wconf 85' lang='grc'><strong>3.</strong></span> <span class='ocrx_word' id='word_1_7' title='bbox 551 913 585 977; x_wconf 77' lang='grc'><strong>1.</strong></span> <span class='ocrx_word' id='word_1_8' title='bbox 607 910 628 977; x_wconf 84' lang='lat' dir='ltr'><strong>li</strong></span> <span class='ocrx_word' id='word_1_9' title='bbox 649 913 716 1000; x_wconf 85' lang='lat' dir='ltr'><strong>ipse</strong></span> <span class='ocrx_word' id='word_1_10' title='bbox 738 912 869 990; x_wconf 86' lang='lat' dir='ltr'><strong>contuli,</strong></span> <span class='ocrx_word' id='word_1_11' title='bbox 899 910 975 977; x_wconf 85' lang='lat' dir='ltr'><strong>Pl.</strong></span> <span class='ocrx_word' id='word_1_12' title='bbox 997 909 1070 977; x_wconf 71' lang='lat'><strong>26</strong></span> <span class='ocrx_word' id='word_1_13' title='bbox 1091 913 1132 979; x_wconf 77' lang='lat' dir='ltr'><strong>ad</strong></span> 
     </span>
    </p>
   </div>
   <div class='ocr_carea' id='block_1_2' title="bbox 105 1009 1134 1500">
    <p class='ocr_par' dir='ltr' id='par_1_2' title="bbox 105 1009 1134 1500">
     <span class='ocr_line' id='line_1_3' title="bbox 105 1009 1133 1100; baseline 0.003 -22"><span class='ocrx_word' id='word_1_14' title='bbox 105 1009 232 1100; x_wconf 72' lang='lat' dir='ltr'><strong>ttsnigit</strong></span> <span class='ocrx_word' id='word_1_15' title='bbox 261 1015 425 1079; x_wconf 73' lang='lat' dir='ltr'>editionem</span> <span class='ocrx_word' id='word_1_16' title='bbox 455 1015 659 1081; x_wconf 75' lang='lat' dir='ltr'><strong>conferendos</strong></span> <span class='ocrx_word' id='word_1_17' title='bbox 687 1017 760 1080; x_wconf 93' lang='lat' dir='ltr'><strong>mibi</strong></span> <span class='ocrx_word' id='word_1_18' title='bbox 788 1015 908 1081; x_wconf 86' lang='lat' dir='ltr'><strong>curavit</strong></span> <span class='ocrx_word' id='word_1_19' title='bbox 935 1025 968 1079; x_wconf 85' lang='lat' dir='ltr'><strong>et</strong></span> <span class='ocrx_word' id='word_1_20' title='bbox 988 1025 1133 1081; x_wconf 81' lang='lat' dir='ltr'><strong>accurate</strong></span> 
     </span>
     <span class='ocr_line' id='line_1_4' title="bbox 107 1114 1132 1202; baseline 0.004 -22"><span class='ocrx_word' id='word_1_21' title='bbox 107 1116 269 1200; x_wconf 74' lang='lat' dir='ltr'><strong>descripsit</strong></span> <span class='ocrx_word' id='word_1_22' title='bbox 283 1114 322 1180; x_wconf 90' lang='lat' dir='ltr'><strong>C.</strong></span> <span class='ocrx_word' id='word_1_23' title='bbox 339 1114 379 1181; x_wconf 90' lang='lat' dir='ltr'><strong>B.</strong></span> <span class='ocrx_word' id='word_1_24' title='bbox 395 1114 563 1193; x_wconf 83' lang='lat' dir='ltr'><strong>Hosius,</strong></span> <span class='ocrx_word' id='word_1_25' title='bbox 586 1118 637 1201; x_wconf 83' lang='lat' dir='ltr'><strong>qni</strong></span> <span class='ocrx_word' id='word_1_26' title='bbox 652 1128 809 1202; x_wconf 85' lang='lat' dir='ltr'><strong>paternum</strong></span> <span class='ocrx_word' id='word_1_27' title='bbox 826 1118 985 1196; x_wconf 82' lang='lat' dir='ltr'><strong>allectum,</strong></span> <span class='ocrx_word' id='word_1_28' title='bbox 1009 1137 1067 1201; x_wconf 84' lang='lat' dir='ltr'><strong>quo</strong></span> <span class='ocrx_word' id='word_1_29' title='bbox 1082 1138 1132 1184; x_wconf 88' lang='lat' dir='ltr'><strong>me</strong></span> 
     </span>
     <span class='ocr_line' id='line_1_5' title="bbox 107 1214 1134 1304; baseline 0.003 -23"><span class='ocrx_word' id='word_1_30' title='bbox 107 1214 226 1283; x_wconf 86' lang='lat' dir='ltr'><strong>Persiis</strong></span> <span class='ocrx_word' id='word_1_31' title='bbox 249 1220 410 1302; x_wconf 75' lang='lat' dir='ltr'><strong>degentem</strong></span> <span class='ocrx_word' id='word_1_32' title='bbox 432 1218 590 1304; x_wconf 80' lang='lat' dir='ltr'><strong>amplexus</strong></span> <span class='ocrx_word' id='word_1_33' title='bbox 612 1229 679 1296; x_wconf 88' lang='lat' dir='ltr'><strong>est,</strong></span> <span class='ocrx_word' id='word_1_34' title='bbox 710 1219 864 1283; x_wconf 86' lang='lat' dir='ltr'><strong>beneficiis</strong></span> <span class='ocrx_word' id='word_1_35' title='bbox 889 1219 922 1283; x_wconf 87' lang='lat' dir='ltr'><strong>in</strong></span> <span class='ocrx_word' id='word_1_36' title='bbox 943 1239 991 1284; x_wconf 88' lang='lat' dir='ltr'><strong>me</strong></span> <span class='ocrx_word' id='word_1_37' title='bbox 1014 1219 1134 1284; x_wconf 84' lang='lat' dir='ltr'><strong>collatis</strong></span> 
     </span>
     <span class='ocr_line' id='line_1_6' title="bbox 108 1317 1133 1405; baseline 0.002 -22"><span class='ocrx_word' id='word_1_38' title='bbox 108 1320 237 1404; x_wconf 83' lang='lat' dir='ltr'><strong>probare</strong></span> <span class='ocrx_word' id='word_1_39' title='bbox 261 1340 412 1405; x_wconf 86' lang='lat' dir='ltr'><strong>uunquam</strong></span> <span class='ocrx_word' id='word_1_40' title='bbox 434 1319 536 1386; x_wconf 84' lang='lat' dir='ltr'><strong>desiit.</strong></span> <span class='ocrx_word' id='word_1_41' title='bbox 565 1317 640 1384; x_wconf 89' lang='grc' dir='ltr'><strong>Ρ7.</strong></span> <span class='ocrx_word' id='word_1_42' title='bbox 659 1321 787 1386; x_wconf 89' lang='lat' dir='ltr'><strong>contulit</strong></span> <span class='ocrx_word' id='word_1_43' title='bbox 801 1341 868 1384; x_wconf 87' lang='lat' dir='ltr'><strong>oum</strong></span> <span class='ocrx_word' id='word_1_44' title='bbox 882 1319 1055 1385; x_wconf 84' lang='lat' dir='ltr'><strong>Acbaintrii</strong></span> <span class='ocrx_word' id='word_1_45' title='bbox 1070 1319 1133 1385; x_wconf 86' lang='lat' dir='ltr'><strong>edi·</strong></span> 
     </span>
     <span class='ocr_line' id='line_1_7' title="bbox 108 1419 1034 1500; baseline -0.002 -15"><span class='ocrx_word' id='word_1_46' title='bbox 108 1419 192 1486; x_wconf 83' lang='lat' dir='ltr'><strong>tione</strong></span> <span class='ocrx_word' id='word_1_47' title='bbox 207 1419 404 1500; x_wconf 80' lang='lat' dir='ltr'><strong>lloesins,</strong></span> <span class='ocrx_word' id='word_1_48' title='bbox 428 1431 459 1484; x_wconf 88' lang='lat' dir='ltr'><strong>et</strong></span> <span class='ocrx_word' id='word_1_49' title='bbox 473 1444 525 1487; x_wconf 84' lang='lat' dir='ltr'><strong>vv.</strong></span> <span class='ocrx_word' id='word_1_50' title='bbox 543 1421 576 1485; x_wconf 92' lang='lat' dir='ltr'><strong>ll.</strong></span> <span class='ocrx_word' id='word_1_51' title='bbox 594 1421 689 1486; x_wconf 88' lang='lat' dir='ltr'><strong>edidit</strong></span> <span class='ocrx_word' id='word_1_52' title='bbox 703 1421 743 1486; x_wconf 84' lang='grc' dir='ltr'><strong>Ε.</strong></span> <span class='ocrx_word' id='word_1_53' title='bbox 763 1420 803 1486; x_wconf 89' lang='lat' dir='ltr'><strong>G.</strong></span> <span class='ocrx_word' id='word_1_54' title='bbox 823 1421 1034 1489; x_wconf 87' lang='lat' dir='ltr'><strong>Webcrus.</strong></span> 
     </span>
    </p>
   </div>
   <div class='ocr_carea' id='block_1_3' title="bbox 109 1536 1211 1808">
    <p class='ocr_par' dir='ltr' id='par_1_3' title="bbox 109 1536 1211 1808">
     <span class='ocr_line' id='line_1_8' title="bbox 196 1536 1211 1624; baseline -0.002 -21"><span class='ocrx_word' id='word_1_55' title='bbox 196 1536 276 1604; x_wconf 85' lang='lat' dir='ltr'><strong>Cod.</strong></span> <span class='ocrx_word' id='word_1_56' title='bbox 293 1539 494 1605; x_wconf 75' lang='lat' dir='ltr'><strong>bibliothecae</strong></span> <span class='ocrx_word' id='word_1_57' title='bbox 509 1538 752 1624; x_wconf 78' lang='lat' dir='ltr'><strong>Reddigeronoe</strong></span> <span class='ocrx_word' id='word_1_58' title='bbox 766 1538 1017 1604; x_wconf 86' lang='lat' dir='ltr'><strong>membranaceus</strong></span> <span class='ocrx_word' id='word_1_59' title='bbox 1032 1538 1075 1622; x_wconf 82' lang='lat' dir='ltr'><strong>(lt</strong></span> <span class='ocrx_word' id='word_1_60' title='bbox 1085 1536 1132 1620; x_wconf 90' lang='grc'><strong>1),</strong></span> <span class='ocrx_word' id='word_1_61' title='bbox 1151 1551 1211 1604; x_wconf 88' lang='lat' dir='ltr'><strong>1tt.</strong></span> 
     </span>
     <span class='ocr_line' id='line_1_9' title="bbox 110 1637 1133 1725; baseline 0.002 -21"><span class='ocrx_word' id='word_1_62' title='bbox 110 1640 377 1724; x_wconf 83' lang='lat' dir='ltr'><strong>iorma&#39;quadrata</strong></span> <span class='ocrx_word' id='word_1_63' title='bbox 398 1640 533 1721; x_wconf 88' lang='lat' dir='ltr'><strong>minore,</strong></span> <span class='ocrx_word' id='word_1_64' title='bbox 557 1661 642 1706; x_wconf 90' lang='lat' dir='ltr'><strong>saeo.</strong></span> <span class='ocrx_word' id='word_1_65' title='bbox 664 1637 745 1704; x_wconf 81' lang='lat' dir='ltr'><strong>xlv</strong></span> <span class='ocrx_word' id='word_1_66' title='bbox 767 1640 846 1706; x_wconf 90' lang='lat' dir='ltr'><strong>bene</strong></span> <span class='ocrx_word' id='word_1_67' title='bbox 869 1640 1016 1725; x_wconf 82' lang='lat' dir='ltr'><strong>scriptus,</strong></span> <span class='ocrx_word' id='word_1_68' title='bbox 1044 1641 1133 1725; x_wconf 86' lang='lat' dir='ltr'><strong>pictis</strong></span> 
     </span>
     <span class='ocr_line' id='line_1_10' title="bbox 109 1739 952 1808; baseline -0.004 -2"><span class='ocrx_word' id='word_1_69' title='bbox 109 1742 286 1807; x_wconf 76' lang='lat' dir='ltr'><strong>initialibus.</strong></span> <span class='ocrx_word' id='word_1_70' title='bbox 312 1739 459 1807; x_wconf 84' lang='lat' dir='ltr'><strong>Continet</strong></span> <span class='ocrx_word' id='word_1_71' title='bbox 473 1740 699 1808; x_wconf 86' lang='lat' dir='ltr'><strong>Iuvenalem</strong></span> <span class='ocrx_word' id='word_1_72' title='bbox 715 1739 952 1808; x_wconf 88' lang='lat' dir='ltr'><strong>etPersinm.</strong></span> 
     </span>
    </p>
   </div>
   <div class='ocr_carea' id='block_1_4' title="bbox 108 1858 1211 2434">
    <p class='ocr_par' dir='ltr' id='par_1_4' title="bbox 108 1858 1211 2130">
     <span class='ocr_line' id='line_1_11' title="bbox 194 1858 1211 1946; baseline -0.007 -20"><span class='ocrx_word' id='word_1_73' title='bbox 194 1858 274 1926; x_wconf 91' lang='lat' dir='ltr'><strong>Cod.</strong></span> <span class='ocrx_word' id='word_1_74' title='bbox 299 1861 433 1926; x_wconf 87' lang='lat' dir='ltr'><strong>eiusdem</strong></span> <span class='ocrx_word' id='word_1_75' title='bbox 454 1860 654 1927; x_wconf 80' lang='lat' dir='ltr'><strong>bibliothecae</strong></span> <span class='ocrx_word' id='word_1_76' title='bbox 675 1860 855 1928; x_wconf 82' lang='lat' dir='ltr'><strong>chartaceus</strong></span> <span class='ocrx_word' id='word_1_77' title='bbox 875 1860 919 1946; x_wconf 85' lang='lat' dir='ltr'><strong>(lt</strong></span> <span class='ocrx_word' id='word_1_78' title='bbox 932 1859 1005 1945; x_wconf 77' lang='grc'><strong>2.),</strong></span> <span class='ocrx_word' id='word_1_79' title='bbox 1035 1861 1134 1924; x_wconf 80' lang='lat' dir='ltr'><strong>forma</strong></span> <span class='ocrx_word' id='word_1_80' title='bbox 1150 1869 1211 1924; x_wconf 80' lang='lat' dir='ltr'><strong>na.</strong></span> 
     </span>
     <span class='ocr_line' id='line_1_12' title="bbox 108 1958 1135 2046; baseline 0.002 -21"><span class='ocrx_word' id='word_1_81' title='bbox 108 1962 276 2046; x_wconf 86' lang='lat' dir='ltr'><strong>quadrata,</strong></span> <span class='ocrx_word' id='word_1_82' title='bbox 305 1983 367 2025; x_wconf 93' lang='lat' dir='ltr'><strong>non</strong></span> <span class='ocrx_word' id='word_1_83' title='bbox 396 1974 469 2027; x_wconf 92' lang='lat' dir='ltr'><strong>ante</strong></span> <span class='ocrx_word' id='word_1_84' title='bbox 495 1985 579 2029; x_wconf 87' lang='lat' dir='ltr'><strong>saec.</strong></span> <span class='ocrx_word' id='word_1_85' title='bbox 608 1960 672 2028; x_wconf 85' lang='lat' dir='ltr'><strong>XV</strong></span> <span class='ocrx_word' id='word_1_86' title='bbox 693 1963 783 2028; x_wconf 86' lang='lat' dir='ltr'><strong>finem</strong></span> <span class='ocrx_word' id='word_1_87' title='bbox 805 1962 948 2046; x_wconf 86' lang='lat' dir='ltr'><strong>scriptus.</strong></span> <span class='ocrx_word' id='word_1_88' title='bbox 986 1958 1135 2027; x_wconf 82' lang='lat' dir='ltr'><strong>Continet</strong></span> 
     </span>
     <span class='ocr_line' id='line_1_13' title="bbox 110 2060 617 2130; baseline 0.006 -4"><span class='ocrx_word' id='word_1_89' title='bbox 110 2060 337 2129; x_wconf 86' lang='lat' dir='ltr'><strong>Iuvenalem</strong></span> <span class='ocrx_word' id='word_1_90' title='bbox 360 2075 392 2130; x_wconf 91' lang='lat' dir='ltr'><strong>et</strong></span> <span class='ocrx_word' id='word_1_91' title='bbox 412 2062 617 2129; x_wconf 74' lang='lat' dir='ltr'><strong>Persium.</strong></span> 
     </span>
    </p>

    <p class='ocr_par' dir='ltr' id='par_1_5' title="bbox 111 2161 1135 2434">
     <span class='ocr_line' id='line_1_14' title="bbox 196 2161 1134 2250; baseline 0.001 -21"><span class='ocrx_word' id='word_1_92' title='bbox 196 2162 362 2249; x_wconf 83' lang='lat' dir='ltr'><strong>Utriusque</strong></span> <span class='ocrx_word' id='word_1_93' title='bbox 386 2167 454 2230; x_wconf 92' lang='lat' dir='ltr'><strong>cod.</strong></span> <span class='ocrx_word' id='word_1_94' title='bbox 480 2165 621 2250; x_wconf 89' lang='lat' dir='ltr'><strong>quasdam</strong></span> <span class='ocrx_word' id='word_1_95' title='bbox 643 2163 791 2230; x_wconf 86' lang='lat' dir='ltr'><strong>lectiones</strong></span> <span class='ocrx_word' id='word_1_96' title='bbox 812 2163 907 2229; x_wconf 86' lang='lat' dir='ltr'><strong>edidit</strong></span> <span class='ocrx_word' id='word_1_97' title='bbox 931 2161 1134 2230; x_wconf 87' lang='lat' dir='ltr'><strong>Fiillabor·</strong></span> 
     </span>
     <span class='ocr_line' id='line_1_15' title="bbox 111 2263 1135 2344; baseline 0.002 -15"><span class='ocrx_word' id='word_1_98' title='bbox 111 2266 218 2343; x_wconf 90' lang='lat' dir='ltr'><strong>niua,</strong></span> <span class='ocrx_word' id='word_1_99' title='bbox 243 2267 291 2331; x_wconf 90' lang='lat' dir='ltr'><strong>oui</strong></span> <span class='ocrx_word' id='word_1_100' title='bbox 312 2265 374 2332; x_wconf 82' lang='lat' dir='ltr'><strong>Ill</strong></span> <span class='ocrx_word' id='word_1_101' title='bbox 399 2279 448 2334; x_wconf 87' lang='lat' dir='ltr'><strong>est</strong></span> <span class='ocrx_word' id='word_1_102' title='bbox 467 2265 509 2344; x_wconf 91' lang='lat' dir='ltr'><strong>ll,</strong></span> <span class='ocrx_word' id='word_1_103' title='bbox 534 2276 566 2331; x_wconf 89' lang='lat' dir='ltr'><strong>at</strong></span> <span class='ocrx_word' id='word_1_104' title='bbox 586 2263 694 2332; x_wconf 80' lang='lat' dir='ltr'><strong>1t21.</strong></span> <span class='ocrx_word' id='word_1_105' title='bbox 721 2266 905 2331; x_wconf 83' lang='lat' dir='ltr'><strong>Accuratam</strong></span> <span class='ocrx_word' id='word_1_106' title='bbox 927 2266 963 2331; x_wconf 88' lang='lat' dir='ltr'><strong>ad</strong></span> <span class='ocrx_word' id='word_1_107' title='bbox 979 2264 1135 2332; x_wconf 87' lang='lat' dir='ltr'><strong>llanthalii</strong></span> 
     </span>
     <span class='ocr_line' id='line_1_16' title="bbox 111 2365 1133 2434; baseline 0 -3"><span class='ocrx_word' id='word_1_108' title='bbox 111 2368 275 2432; x_wconf 86' lang='lat' dir='ltr'><strong>editionem</strong></span> <span class='ocrx_word' id='word_1_109' title='bbox 290 2370 400 2433; x_wconf 82' lang='lat' dir='ltr'><strong>iactam</strong></span> <span class='ocrx_word' id='word_1_110' title='bbox 411 2369 602 2434; x_wconf 83' lang='lat' dir='ltr'><strong>collationem</strong></span> <span class='ocrx_word' id='word_1_111' title='bbox 615 2368 741 2431; x_wconf 85' lang='lat' dir='ltr'><strong>donavit</strong></span> <span class='ocrx_word' id='word_1_112' title='bbox 749 2368 820 2432; x_wconf 90' lang='lat' dir='ltr'><strong>mihi</strong></span> <span class='ocrx_word' id='word_1_113' title='bbox 837 2365 1133 2434; x_wconf 81' lang='lat' dir='ltr'><strong>Tzachirnerus.</strong></span> 
     </span>
    </p>
   </div>
   <div class='ocr_carea' id='block_1_5' title="bbox 198 2481 1229 2574">
    <p class='ocr_par' dir='ltr' id='par_1_6' title="bbox 198 2481 1229 2574">
     <span class='ocr_line' id='line_1_17' title="bbox 198 2481 1229 2574; baseline -0.008 -22"><span class='ocrx_word' id='word_1_114' title='bbox 198 2484 278 2552; x_wconf 91' lang='lat' dir='ltr'><strong>Cod.</strong></span> <span class='ocrx_word' id='word_1_115' title='bbox 302 2487 374 2551; x_wconf 92' lang='lat' dir='ltr'><strong>bibl.</strong></span> <span class='ocrx_word' id='word_1_116' title='bbox 398 2488 574 2552; x_wconf 87' lang='lat' dir='ltr'><strong>monasterii</strong></span> <span class='ocrx_word' id='word_1_117' title='bbox 596 2486 816 2572; x_wconf 81' lang='lat' dir='ltr'><strong>Sangallensis</strong></span> <span class='ocrx_word' id='word_1_118' title='bbox 844 2507 876 2549; x_wconf 90' lang='lat' dir='ltr'><strong>n.</strong></span> <span class='ocrx_word' id='word_1_119' title='bbox 899 2481 962 2550; x_wconf 78' lang='lat'><strong>203</strong></span> <span class='ocrx_word' id='word_1_120' title='bbox 991 2485 1058 2572; x_wconf 77' lang='lat' dir='ltr'><strong>(sg</strong></span> <span class='ocrx_word' id='word_1_121' title='bbox 1072 2483 1133 2574; x_wconf 87' lang='lat' dir='ltr'><strong>l.),</strong></span> <span class='ocrx_word' id='word_1_122' title='bbox 1152 2495 1191 2562; x_wconf 63' lang='grc' dir='ltr'><strong>ες</strong></span> <span class='ocrx_word' id='word_1_123' title='bbox 1204 2494 1229 2546; x_wconf 87' lang='grc'><strong>1.</strong></span> 
     </span>
    </p>
   </div>
   <div class='ocr_carea' id='block_1_6' title="bbox 113 2585 487 2654">
    <p class='ocr_par' dir='ltr' id='par_1_7' title="bbox 113 2585 487 2654">
     <span class='ocr_line' id='line_1_18' title="bbox 113 2585 487 2654; baseline -0.005 -1"><span class='ocrx_word' id='word_1_124' title='bbox 113 2589 292 2653; x_wconf 78' lang='lat' dir='ltr'><strong>chartaceus</strong></span> <span class='ocrx_word' id='word_1_125' title='bbox 308 2609 394 2654; x_wconf 85' lang='lat' dir='ltr'><strong>saec.</strong></span> <span class='ocrx_word' id='word_1_126' title='bbox 410 2585 487 2654; x_wconf 89' lang='lat' dir='ltr'><strong>XV.</strong></span> 
     </span>
    </p>
   </div>
   <div class='ocr_carea' id='block_1_7' title="bbox 114 2701 1225 2874">
    <p class='ocr_par' dir='ltr' id='par_1_8' title="bbox 114 2701 1225 2874">
     <span class='ocr_line' id='line_1_19' title="bbox 196 2701 1225 2873; baseline -0.001 -101"><span class='ocrx_word' id='word_1_127' title='bbox 196 2705 280 2873; x_wconf 41' lang='lat' dir='ltr'><strong>Ca</strong></span> <span class='ocrx_word' id='word_1_128' title='bbox 293 2707 429 2772; x_wconf 88' lang='lat' dir='ltr'><strong>eiusdem</strong></span> <span class='ocrx_word' id='word_1_129' title='bbox 444 2706 645 2773; x_wconf 86' lang='lat' dir='ltr'><strong>bibliothecae</strong></span> <span class='ocrx_word' id='word_1_130' title='bbox 661 2729 692 2769; x_wconf 89' lang='lat' dir='ltr'><strong>n.</strong></span> <span class='ocrx_word' id='word_1_131' title='bbox 708 2701 773 2771; x_wconf 81' lang='lat'><strong>858</strong></span> <span class='ocrx_word' id='word_1_132' title='bbox 788 2705 930 2793; x_wconf 66' lang='lat'>(832),</span> <span class='ocrx_word' id='word_1_133' title='bbox 954 2708 1133 2773; x_wconf 84' lang='lat' dir='ltr'><strong>chartaceus</strong></span> <span class='ocrx_word' id='word_1_134' title='bbox 1150 2719 1225 2786; x_wconf 71' lang='lat'><strong>⁸6²·</strong></span> 
     </span>
     <span class='ocr_line' id='line_1_20' title="bbox 114 2828 291 2874; baseline 0 -2"><span class='ocrx_word' id='word_1_135' title='bbox 114 2828 198 2874; x_wconf 87' lang='lat' dir='ltr'><strong>saec.</strong></span> <span class='ocrx_word' id='word_1_136' title='bbox 283 2855 291 2872; x_wconf 93' lang='lat'><strong>.</strong></span> 
     </span>
    </p>
   </div>
   <div class='ocr_carea' id='block_1_8' title="bbox 116 2909 1136 3077">
    <p class='ocr_par' dir='ltr' id='par_1_9' title="bbox 116 2909 1136 3077">
     <span class='ocr_line' id='line_1_21' title="bbox 199 2909 1136 2995; baseline 0.002 -21"><span class='ocrx_word' id='word_1_137' title='bbox 199 2909 363 2995; x_wconf 81' lang='lat' dir='ltr'><strong>Utriusque</strong></span> <span class='ocrx_word' id='word_1_138' title='bbox 387 2910 456 2974; x_wconf 85' lang='lat' dir='ltr'><strong>ond.</strong></span> <span class='ocrx_word' id='word_1_139' title='bbox 481 2934 534 2976; x_wconf 89' lang='lat' dir='ltr'><strong>vv.</strong></span> <span class='ocrx_word' id='word_1_140' title='bbox 558 2911 590 2975; x_wconf 91' lang='lat' dir='ltr'><strong>ll.</strong></span> <span class='ocrx_word' id='word_1_141' title='bbox 615 2911 654 2975; x_wconf 87' lang='lat' dir='ltr'><strong>ad</strong></span> <span class='ocrx_word' id='word_1_142' title='bbox 669 2911 833 2977; x_wconf 84' lang='lat' dir='ltr'><strong>editionem</strong></span> <span class='ocrx_word' id='word_1_143' title='bbox 850 2909 981 2977; x_wconf 88' lang='lat' dir='ltr'><strong>Weberi</strong></span> <span class='ocrx_word' id='word_1_144' title='bbox 997 2921 1136 2977; x_wconf 81' lang='lat' dir='ltr'><strong>enotatas</strong></span> 
     </span>
     <span class='ocr_line' id='line_1_22' title="bbox 116 3009 530 3077; baseline -0.007 -1"><span class='ocrx_word' id='word_1_145' title='bbox 116 3012 211 3076; x_wconf 87' lang='lat' dir='ltr'><strong>debeo</strong></span> <span class='ocrx_word' id='word_1_146' title='bbox 227 3009 266 3077; x_wconf 90' lang='lat' dir='ltr'><strong>C.</strong></span> <span class='ocrx_word' id='word_1_147' title='bbox 285 3010 324 3076; x_wconf 89' lang='lat' dir='ltr'><strong>G.</strong></span> <span class='ocrx_word' id='word_1_148' title='bbox 342 3009 530 3076; x_wconf 87' lang='lat' dir='ltr'><strong>Miillero.</strong></span> 
     </span>
    </p>
   </div>
   <div class='ocr_carea' id='block_1_9' title="bbox 112 3125 1187 3720">
    <p class='ocr_par' dir='ltr' id='par_1_10' title="bbox 112 3125 1187 3720">
     <span class='ocr_line' id='line_1_23' title="bbox 199 3125 1187 3212; baseline 0.001 -19"><span class='ocrx_word' id='word_1_149' title='bbox 199 3125 309 3193; x_wconf 84' lang='lat' dir='ltr'><strong>Codex</strong></span> <span class='ocrx_word' id='word_1_150' title='bbox 336 3130 514 3196; x_wconf 77' lang='lat' dir='ltr'><strong>lbricensr&#39;s</strong></span> <span class='ocrx_word' id='word_1_151' title='bbox 541 3129 632 3212; x_wconf 74' lang='grc' dir='ltr'><strong>(Τ),</strong></span> <span class='ocrx_word' id='word_1_152' title='bbox 662 3129 931 3206; x_wconf 86' lang='lat' dir='ltr'><strong>membranaceus,</strong></span> <span class='ocrx_word' id='word_1_153' title='bbox 964 3149 983 3193; x_wconf 89' lang='lat' dir='ltr'><strong>a</strong></span> <span class='ocrx_word' id='word_1_154' title='bbox 1010 3127 1134 3194; x_wconf 83' lang='lat' dir='ltr'><strong>librario</strong></span> <span class='ocrx_word' id='word_1_155' title='bbox 1156 3150 1187 3202; x_wconf 77' lang='lat' dir='ltr'><strong>T.</strong></span> 
     </span>
     <span class='ocr_line' id='line_1_24' title="bbox 113 3226 1136 3316; baseline 0.004 -24"><span class='ocrx_word' id='word_1_156' title='bbox 113 3226 190 3295; x_wconf 86' lang='lat' dir='ltr'><strong>Italo</strong></span> <span class='ocrx_word' id='word_1_157' title='bbox 218 3251 302 3295; x_wconf 88' lang='lat' dir='ltr'><strong>saec.</strong></span> <span class='ocrx_word' id='word_1_158' title='bbox 325 3229 403 3295; x_wconf 90' lang='lat' dir='ltr'><strong>Xlll</strong></span> <span class='ocrx_word' id='word_1_159' title='bbox 434 3233 659 3316; x_wconf 82' lang='lat' dir='ltr'><strong>elegantissime</strong></span> <span class='ocrx_word' id='word_1_160' title='bbox 682 3231 823 3315; x_wconf 75' lang='lat' dir='ltr'><strong>scriptus.</strong></span> <span class='ocrx_word' id='word_1_161' title='bbox 864 3226 1002 3295; x_wconf 91' lang='lat' dir='ltr'><strong>Contulit</strong></span> <span class='ocrx_word' id='word_1_162' title='bbox 1024 3228 1136 3296; x_wconf 86' lang='lat' dir='ltr'><strong>Orel-</strong></span> 
     </span>
     <span class='ocr_line' id='line_1_25' title="bbox 112 3328 1135 3416; baseline 0.002 -22"><span class='ocrx_word' id='word_1_163' title='bbox 112 3332 139 3394; x_wconf 91' lang='lat' dir='ltr'><strong>li</strong></span> <span class='ocrx_word' id='word_1_164' title='bbox 149 3353 201 3395; x_wconf 86' lang='lat' dir='ltr'><strong>us.</strong></span> <span class='ocrx_word' id='word_1_165' title='bbox 234 3330 348 3395; x_wconf 82' lang='lat' dir='ltr'><strong>Exstat</strong></span> <span class='ocrx_word' id='word_1_166' title='bbox 362 3332 392 3395; x_wconf 91' lang='lat' dir='ltr'><strong>in</strong></span> <span class='ocrx_word' id='word_1_167' title='bbox 407 3332 589 3398; x_wconf 88' lang='lat' dir='ltr'><strong>bibliotheca</strong></span> <span class='ocrx_word' id='word_1_168' title='bbox 604 3333 721 3398; x_wconf 82' lang='lat' dir='ltr'><strong>urbana</strong></span> <span class='ocrx_word' id='word_1_169' title='bbox 737 3331 902 3396; x_wconf 87' lang='lat' dir='ltr'><strong>Turicensi</strong></span> <span class='ocrx_word' id='word_1_170' title='bbox 917 3331 985 3395; x_wconf 87' lang='lat' dir='ltr'><strong>eod.</strong></span> <span class='ocrx_word' id='word_1_171' title='bbox 1008 3328 1064 3416; x_wconf 88' lang='lat' dir='ltr'><strong>(C,</strong></span> <span class='ocrx_word' id='word_1_172' title='bbox 1080 3329 1135 3411; x_wconf 82' lang='lat'><strong>58,</strong></span> 
     </span>
     <span class='ocr_line' id='line_1_26' title="bbox 113 3429 1136 3519; baseline -0.002 -19"><span class='ocrx_word' id='word_1_173' title='bbox 113 3432 155 3500; x_wconf 77' lang='lat'><strong>27</strong></span> <span class='ocrx_word' id='word_1_174' title='bbox 157 3429 192 3517; x_wconf 87' lang='grc'><strong>5)</strong></span> <span class='ocrx_word' id='word_1_175' title='bbox 207 3432 475 3512; x_wconf 83' lang='lat' dir='ltr'><strong>membranaceus,</strong></span> <span class='ocrx_word' id='word_1_176' title='bbox 495 3434 545 3517; x_wconf 87' lang='lat' dir='ltr'><strong>qui</strong></span> <span class='ocrx_word' id='word_1_177' title='bbox 566 3445 690 3519; x_wconf 85' lang='lat' dir='ltr'><strong>praeter</strong></span> <span class='ocrx_word' id='word_1_178' title='bbox 704 3433 762 3497; x_wconf 88' lang='lat' dir='ltr'><strong>alia</strong></span> <span class='ocrx_word' id='word_1_179' title='bbox 778 3433 869 3497; x_wconf 86' lang='lat' dir='ltr'><strong>multa</strong></span> <span class='ocrx_word' id='word_1_180' title='bbox 885 3444 1029 3518; x_wconf 85' lang='lat' dir='ltr'><strong>excerpta</strong></span> <span class='ocrx_word' id='word_1_181' title='bbox 1045 3452 1136 3517; x_wconf 83' lang='lat' dir='ltr'><strong>quae·</strong></span> 
     </span>
     <span class='ocr_line' id='line_1_27' title="bbox 115 3533 1136 3619; baseline 0.002 -21"><span class='ocrx_word' id='word_1_182' title='bbox 115 3535 182 3598; x_wconf 87' lang='lat' dir='ltr'><strong>dam</strong></span> <span class='ocrx_word' id='word_1_183' title='bbox 197 3533 297 3600; x_wconf 89' lang='lat' dir='ltr'><strong>Persii</strong></span> <span class='ocrx_word' id='word_1_184' title='bbox 313 3536 467 3613; x_wconf 90' lang='lat' dir='ltr'><strong>continet,</strong></span> <span class='ocrx_word' id='word_1_185' title='bbox 490 3536 522 3599; x_wconf 91' lang='lat' dir='ltr'><strong>in</strong></span> <span class='ocrx_word' id='word_1_186' title='bbox 547 3536 651 3619; x_wconf 89' lang='lat' dir='ltr'><strong>quibus</strong></span> <span class='ocrx_word' id='word_1_187' title='bbox 673 3535 822 3600; x_wconf 83' lang='lat' dir='ltr'><strong>lectiones</strong></span> <span class='ocrx_word' id='word_1_188' title='bbox 843 3534 1055 3601; x_wconf 88' lang='lat' dir='ltr'><strong>memorabiles</strong></span> <span class='ocrx_word' id='word_1_189' title='bbox 1073 3556 1136 3600; x_wconf 88' lang='lat' dir='ltr'><strong>non</strong></span> 
     </span>
     <span class='ocr_line' id='line_1_28' title="bbox 114 3634 1134 3720; baseline 0.001 -21"><span class='ocrx_word' id='word_1_190' title='bbox 114 3637 236 3714; x_wconf 87' lang='lat' dir='ltr'><strong>inveni,</strong></span> <span class='ocrx_word' id='word_1_191' title='bbox 261 3636 320 3700; x_wconf 83' lang='lat' dir='ltr'><strong>nial</strong></span> <span class='ocrx_word' id='word_1_192' title='bbox 335 3638 414 3720; x_wconf 86' lang='lat' dir='ltr'><strong>qnod</strong></span> <span class='ocrx_word' id='word_1_193' title='bbox 429 3634 473 3717; x_wconf 89' lang='lat' dir='ltr'><strong>V,</strong></span> <span class='ocrx_word' id='word_1_194' title='bbox 489 3634 532 3701; x_wconf 86' lang='lat'><strong>90</strong></span> <span class='ocrx_word' id='word_1_195' title='bbox 551 3639 670 3701; x_wconf 81' lang='lat' dir='ltr'><strong>notovit</strong></span> <span class='ocrx_word' id='word_1_196' title='bbox 690 3636 800 3714; x_wconf 88' lang='lat' dir='ltr'><strong>babet,</strong></span> <span class='ocrx_word' id='word_1_197' title='bbox 823 3638 877 3702; x_wconf 90' lang='lat' dir='ltr'><strong>sed</strong></span> <span class='ocrx_word' id='word_1_198' title='bbox 893 3662 914 3701; x_wconf 83' lang='lat' dir='ltr'><strong>n</strong></span> <span class='ocrx_word' id='word_1_199' title='bbox 928 3639 961 3701; x_wconf 89' lang='lat' dir='ltr'><strong>in</strong></span> <span class='ocrx_word' id='word_1_200' title='bbox 975 3659 994 3700; x_wconf 88' lang='lat' dir='ltr'><strong>o</strong></span> <span class='ocrx_word' id='word_1_201' title='bbox 1008 3647 1134 3702; x_wconf 83' lang='lat' dir='ltr'><strong>mutata.</strong></span> 
     </span>
    </p>
   </div>
   <div class='ocr_carea' id='block_1_10' title="bbox 115 3751 1204 4127">
    <p class='ocr_par' dir='ltr' id='par_1_11' title="bbox 115 3751 1204 4045">
     <span class='ocr_line' id='line_1_29' title="bbox 199 3751 1204 3841; baseline 0.003 -22"><span class='ocrx_word' id='word_1_202' title='bbox 199 3751 280 3819; x_wconf 92' lang='lat' dir='ltr'><strong>Cod.</strong></span> <span class='ocrx_word' id='word_1_203' title='bbox 303 3754 503 3820; x_wconf 87' lang='lat' dir='ltr'><strong>bibliothecae</strong></span> <span class='ocrx_word' id='word_1_204' title='bbox 531 3755 724 3819; x_wconf 72' lang='lat' dir='ltr'><strong>Trcoa&#39;rcnezb</strong></span> <span class='ocrx_word' id='word_1_205' title='bbox 752 3754 844 3841; x_wconf 83' lang='lat' dir='ltr'><strong>(Tr.)</strong></span> <span class='ocrx_word' id='word_1_206' title='bbox 874 3755 1134 3838; x_wconf 86' lang='lat' dir='ltr'><strong>membranaceus,</strong></span> <span class='ocrx_word' id='word_1_207' title='bbox 1158 3772 1204 3824; x_wconf 73' lang='lat' dir='ltr'><strong>rr.</strong></span> 
     </span>
     <span class='ocr_line' id='line_1_30' title="bbox 115 3853 1136 3941; baseline -0.001 -19"><span class='ocrx_word' id='word_1_208' title='bbox 115 3860 211 3922; x_wconf 88' lang='lat' dir='ltr'><strong>lorma</strong></span> <span class='ocrx_word' id='word_1_209' title='bbox 233 3857 400 3941; x_wconf 86' lang='lat' dir='ltr'><strong>quadrata,</strong></span> <span class='ocrx_word' id='word_1_210' title='bbox 422 3856 501 3922; x_wconf 88' lang='lat' dir='ltr'><strong>bene</strong></span> <span class='ocrx_word' id='word_1_211' title='bbox 522 3857 652 3941; x_wconf 84' lang='lat' dir='ltr'><strong>scriptus</strong></span> <span class='ocrx_word' id='word_1_212' title='bbox 677 3877 762 3923; x_wconf 85' lang='lat' dir='ltr'><strong>saec.</strong></span> <span class='ocrx_word' id='word_1_213' title='bbox 785 3854 835 3921; x_wconf 90' lang='lat' dir='ltr'><strong>IX</strong></span> <span class='ocrx_word' id='word_1_214' title='bbox 857 3859 906 3923; x_wconf 84' lang='lat' dir='ltr'><strong>vel</strong></span> <span class='ocrx_word' id='word_1_215' title='bbox 926 3854 971 3920; x_wconf 89' lang='lat' dir='ltr'><strong>X.</strong></span> <span class='ocrx_word' id='word_1_216' title='bbox 1013 3853 1136 3922; x_wconf 91' lang='lat' dir='ltr'><strong>Scholia</strong></span> 
     </span>
     <span class='ocr_line' id='line_1_31' title="bbox 116 3955 1135 4045; baseline -0.002 -21"><span class='ocrx_word' id='word_1_217' title='bbox 116 3959 266 4045; x_wconf 84' lang='lat' dir='ltr'><strong>adscripta</strong></span> <span class='ocrx_word' id='word_1_218' title='bbox 291 3958 393 4022; x_wconf 87' lang='lat' dir='ltr'><strong>babet.</strong></span> <span class='ocrx_word' id='word_1_219' title='bbox 426 3955 564 4023; x_wconf 91' lang='lat' dir='ltr'><strong>Contulit</strong></span> <span class='ocrx_word' id='word_1_220' title='bbox 584 3956 779 4025; x_wconf 86' lang='lat' dir='ltr'><strong>Loersius</strong></span> <span class='ocrx_word' id='word_1_221' title='bbox 801 3957 993 4040; x_wconf 84' lang='lat' dir='ltr'><strong>Luobtio‚</strong></span> <span class='ocrx_word' id='word_1_222' title='bbox 1017 3960 1066 4043; x_wconf 84' lang='lat' dir='ltr'><strong>qui</strong></span> <span class='ocrx_word' id='word_1_223' title='bbox 1081 3981 1135 4025; x_wconf 81' lang='lat' dir='ltr'><strong>vv.</strong></span> 
     </span>
    </p>

    <p class='ocr_par' dir='ltr' id='par_1_12' title="bbox 115 4060 769 4127">
     <span class='ocr_line' id='line_1_32' title="bbox 115 4060 769 4127; baseline -0.006 -1"><span class='ocrx_word' id='word_1_224' title='bbox 115 4062 147 4126; x_wconf 91' lang='lat' dir='ltr'><strong>ll.</strong></span> <span class='ocrx_word' id='word_1_225' title='bbox 164 4081 281 4125; x_wconf 92' lang='lat' dir='ltr'><strong>mecum</strong></span> <span class='ocrx_word' id='word_1_226' title='bbox 295 4060 509 4126; x_wconf 88' lang='lat' dir='ltr'><strong>humanissime</strong></span> <span class='ocrx_word' id='word_1_227' title='bbox 525 4061 769 4127; x_wconf 81' lang='lat' dir='ltr'><strong>communicavit.</strong></span> 
     </span>
    </p>
   </div>
   <div class='ocr_carea' id='block_1_11' title="bbox 114 4177 1186 4551">
    <p class='ocr_par' dir='ltr' id='par_1_13' title="bbox 114 4177 1186 4468">
     <span class='ocr_line' id='line_1_33' title="bbox 202 4177 1186 4267; baseline 0.001 -23"><span class='ocrx_word' id='word_1_228' title='bbox 202 4177 281 4244; x_wconf 84' lang='lat' dir='ltr'><strong>Cod.</strong></span> <span class='ocrx_word' id='word_1_229' title='bbox 299 4179 398 4263; x_wconf 62' lang='grc' dir='ltr'><strong>(Κ),</strong></span> <span class='ocrx_word' id='word_1_230' title='bbox 422 4179 507 4245; x_wconf 88' lang='lat' dir='ltr'><strong>coins</strong></span> <span class='ocrx_word' id='word_1_231' title='bbox 521 4202 573 4245; x_wconf 85' lang='lat' dir='ltr'><strong>vv.</strong></span> <span class='ocrx_word' id='word_1_232' title='bbox 590 4181 624 4244; x_wconf 91' lang='lat' dir='ltr'><strong>ll.</strong></span> <span class='ocrx_word' id='word_1_233' title='bbox 646 4177 811 4245; x_wconf 91' lang='lat' dir='ltr'><strong>Cortius</strong></span> <span class='ocrx_word' id='word_1_234' title='bbox 834 4181 973 4267; x_wconf 82' lang='lat' dir='ltr'><strong>exemplo</strong></span> <span class='ocrx_word' id='word_1_235' title='bbox 994 4179 1134 4246; x_wconf 88' lang='lat' dir='ltr'><strong>editionis</strong></span> <span class='ocrx_word' id='word_1_236' title='bbox 1152 4194 1186 4248; x_wconf 87' lang='lat' dir='ltr'><strong>V.</strong></span> 
     </span>
     <span class='ocr_line' id='line_1_34' title="bbox 115 4280 1134 4365; baseline -0.001 -18"><span class='ocrx_word' id='word_1_237' title='bbox 115 4280 356 4347; x_wconf 86' lang='lat' dir='ltr'><strong>Schrevelianae</strong></span> <span class='ocrx_word' id='word_1_238' title='bbox 385 4280 564 4365; x_wconf 84' lang='lat' dir='ltr'><strong>adscripsit,</strong></span> <span class='ocrx_word' id='word_1_239' title='bbox 601 4283 679 4365; x_wconf 86' lang='lat' dir='ltr'><strong>qnod</strong></span> <span class='ocrx_word' id='word_1_240' title='bbox 704 4282 763 4346; x_wconf 89' lang='lat' dir='ltr'><strong>iam</strong></span> <span class='ocrx_word' id='word_1_241' title='bbox 790 4292 1053 4347; x_wconf 88' lang='lat' dir='ltr'><strong>commemoratum</strong></span> <span class='ocrx_word' id='word_1_242' title='bbox 1076 4291 1134 4346; x_wconf 89' lang='lat' dir='ltr'><strong>est.</strong></span> 
     </span>
     <span class='ocr_line' id='line_1_35' title="bbox 114 4379 1136 4468; baseline -0.001 -22"><span class='ocrx_word' id='word_1_243' title='bbox 114 4382 245 4447; x_wconf 87' lang='lat' dir='ltr'><strong>Notavit</strong></span> <span class='ocrx_word' id='word_1_244' title='bbox 266 4405 319 4449; x_wconf 86' lang='lat' dir='ltr'><strong>cas</strong></span> <span class='ocrx_word' id='word_1_245' title='bbox 338 4381 560 4450; x_wconf 86' lang='lat' dir='ltr'><strong>Passovius</strong></span> <span class='ocrx_word' id='word_1_246' title='bbox 580 4382 625 4467; x_wconf 88' lang='lat' dir='ltr'><strong>(p.</strong></span> <span class='ocrx_word' id='word_1_247' title='bbox 643 4380 720 4468; x_wconf 85' lang='grc'><strong>156)</strong></span> <span class='ocrx_word' id='word_1_248' title='bbox 742 4384 780 4449; x_wconf 88' lang='lat' dir='ltr'><strong>ad</strong></span> <span class='ocrx_word' id='word_1_249' title='bbox 801 4384 967 4467; x_wconf 85' lang='lat' dir='ltr'><strong>marginem</strong></span> <span class='ocrx_word' id='word_1_250' title='bbox 983 4383 1056 4447; x_wconf 90' lang='lat' dir='ltr'><strong>edit.</strong></span> <span class='ocrx_word' id='word_1_251' title='bbox 1075 4379 1136 4446; x_wconf 83' lang='lat' dir='ltr'><strong>Ca·</strong></span> 
     </span>
    </p>

    <p class='ocr_par' dir='ltr' id='par_1_14' title="bbox 179 4507 927 4551">
     <span class='ocr_line' id='line_1_36' title="bbox 179 4507 927 4551; baseline 0.001 -4"><span class='ocrx_word' id='word_1_252' title='bbox 179 4509 296 4551; x_wconf 65' lang='lat' dir='ltr'><strong>eaustus.</strong></span> <span class='ocrx_word' id='word_1_253' title='bbox 909 4507 927 4548; x_wconf 88' lang='grc'><strong>0</strong></span> 
     </span>
    </p>
   </div>
   <div class='ocr_carea' id='block_1_12' title="bbox 0 0 1310 5054">
    <p class='ocr_par' dir='ltr' id='par_1_15' title="bbox 0 0 1310 5054">
     <span class='ocr_line' id='line_1_37' title="bbox 0 0 1310 5054; baseline 0 0"><span class='ocrx_word' id='word_1_254' title='bbox 0 0 1310 5054; x_wconf 95' lang='lat' dir='ltr'><strong> </strong></span> 
     </span>
    </p>
   </div>
  </div>
 </body>
</html>
