2574 5054
392 773 763 841 nuouuconuun.
879 741 881 746 ’
1005 799 1085 841 ιιι

98 944 244 1030 Quintiliani
265 948 424 1027 iudicium,
453 959 664 1034 praeterquam
692 944 773 1030 quod
788 945 826 1010 tle
843 938 982 1010 Serrano
997 957 1031 1011 ut
1045 948 1084 1015 dc

90 1062 159 1135 poeta
171 1053 252 1139 cpien
266 1051 411 1137 loquitur,
427 1051 532 1115 volere
549 1050 586 1114 do
600 1046 833 1133 istisCalpuruii
851 1046 979 1134 eclogia.
1005 1044 1087 1115 Sunt

87 1172 144 1220 naue
160 1156 290 1242 pueriles
311 1153 491 1239 praesertim
512 1153 544 1217 in
564 1151 730 1231 imitando,
752 1172 860 1216 rerum
882 1171 946 1214 non
967 1152 1028 1230 idn,
1051 1164 1086 1219 ut

83 1257 263 1324 adnleseentia
277 1257 441 1321 maximnm
455 1255 589 1319 indolem
609 1263 698 1337 atquo
721 1250 926 1318 admirabilem
941 1255 1018 1318 recti
1031 1277 1087 1320 vo·

78 1360 207 1426 lundatem
221 1378 393 1445 agnoscas,
417 1356 474 1423 sud
487 1356 594 1422 sterile
610 1366 641 1420 st
654 1356 788 1420 ieiunum
806 1355 983 1442 ingenium,
1008 1357 1088 1441 qnod

10 1470 12 1474 '
75 1462 135 1528 nilil
149 1480 282 1547 uuquam
297 1460 399 1544 magui
414 1469 446 1524 et
460 1458 567 1524 eximii
582 1458 620 1523 tle
634 1479 670 1523 so
685 1477 813 1543 spcrnre
832 1457 948 1523 iubeat.
974 1457 1089 1542 Quam·

72 1586 149 1649 quam
173 1584 232 1628 ιιι
258 1564 325 1648 ipse
355 1559 483 1648 Surpins
505 1560 678 1626 accuratius
701 1569 733 1623 et
754 1580 811 1645 per
831 1560 952 1647 singulo
973 1563 1088 1644 docuit,

71 1689 206 1752 quorsum
220 1665 315 1744 illud,
339 1665 418 1748 quod
435 1661 639 1746 Quintilianus
654 1663 828 1748 proedicat,
852 1664 967 1730 volout.
990 1662 1091 1732 Porro

68 1791 136 1854 quse
152 1777 335 1854 argu-enta
350 1766 451 1831 attulit
465 1765 629 1842 historicn,
653 1765 761 1849 quibus
781 1765 875 1829 ueluti
890 1763 1091 1833 Neronianus

66 1871 138 1937 haec
154 1871 294 1936 momina
307 1868 497 1946 vindicaret,
521 1887 557 1931 cu
580 1887 646 1931 cum
662 1867 802 1933 acumine
824 1870 1000 1954 excogitata
1022 1890 1092 1936 esse

65 1976 182 2052 lateor,
200 1974 243 2038 ita
258 1980 432 2057 comparatu
448 1989 518 2035 esso
534 1988 632 2054 nego,
652 1978 686 2033 ut
700 1988 859 2034 assensum
875 1980 1090 2056 extorqueant,

63 2075 288 2141 immominime
302 2071 452 2159 probunt,
475 2091 551 2156 quae
566 2070 721 2157 probando
738 2081 828 2137 eruunt
842 2080 865 2135 ¹.
899 2071 1017 2156 Quodsi
1031 2076 1093 2141 inm

64 2180 145 2243 nulla
169 2197 266 2242 csusa
288 2185 354 2255 est,
379 2194 434 2239 our
456 2172 623 2239 Serranum
644 2171 817 2258 Calpurniis
844 2175 1091 2258 adnumeremus,

63 2281 138 2344 nihil
151 2299 281 2364 prorsus
295 2289 361 2354 est,
379 2277 458 2360 qnod
473 2277 601 2340 amicum
615 2272 718 2341 Persii
728 2276 823 2341 luisse
838 2287 987 2362 putemus.
1011 2277 1092 2362 Quid

66 2383 146 2468 quod
176 2383 261 2446 vitae
291 2391 399 2444 auctor
427 2398 489 2441 uon
513 2377 592 2441 dixit
614 2375 809 2462 Calpurnium
838 2377 939 2444 Persii
966 2381 1094 2446 amioum

64 2488 160 2551 inisse
185 2494 324 2569 poetnm,
348 2483 438 2546 immo
461 2480 645 2544 contrarium
674 2481 848 2565 significare
876 2482 997 2547 videtur
1025 2505 1094 2549 cum

64 2587 195 2653 scribit:
219 2586 352 2650 Amicos
373 2583 484 2647 lubuit
509 2619 554 2630 -
580 2579 724 2646 Caesium
753 2581 888 2647 Bassum
911 2594 1037 2670 poetam
1064 2595 1098 2650 st
1163 2663 1165 2667 y

68 2690 290 2776 Calpurnium.
315 2685 430 2770 Quidni
444 2684 637 2768 scripsisset:
663 2683 805 2748 Caesium
826 2686 960 2751 Bassum
979 2695 1010 2750 et
1025 2686 1096 2751 Oud-

61 2793 214 2879 pmo'um
232 2792 369 2875 poetas?
390 2787 605 2854 Confitendum
620 2786 731 2873 igitur,
754 2787 791 2852 tle
806 2789 865 2855 hoc
879 2786 981 2855 Persii
996 2791 1094 2854 amico

67 2895 143 2959 uilnil
160 2902 267 2955 uotum
282 2911 394 2956 essct.
370 2899 383 2933 ²

68 3029 141 3084 113·
166 3044 231 3080 veno
256 3035 421 3093 argumenta,
446 3027 540 3095 quibus
563 3026 620 3081 VV.
645 3029 717 3095 mn,
748 3030 819 3082 inter
844 3044 907 3097 qnos
932 3031 1096 3099 praecipuum

102 3097 482 3151 locandumitwernadorllus
500 3099 591 3163 (poett.
608 3097 681 3151 Latt.
696 3066 756 3151 sliu.
772 3107 792 3149 t.
805 3098 864 3166 llp
880 3100 964 3167 dsqq
967 3100 1096 3166 >probare

102 3168 263 3230 voluerunt,
281 3165 428 3230 eclogarum
451 3168 601 3234 scriptorem
626 3183 685 3220 eoae
711 3168 844 3220 lunium
870 3167 1094 3235 Calpurnium

102 3253 120 3288 s
144 3235 258 3303 vopisco
279 3235 354 3298 (Gar.
373 3236 402 3302 8)
432 3243 675 3300 commemoratum,
705 3229 813 3303 ideoque
844 3236 904 3287 Cari
935 3187 1097 3321 liliorumque

100 3314 221 3388 tenpore
238 3304 355 3369 vixisse,
380 3320 429 3355 ιιι
448 3306 525 3357 nimis
543 3312 614 3357 eerta
631 3321 707 3369 csse,
736 3307 878 3373 prudenter
894 3307 993 3358 monuit
1011 3308 1098 3358 novis·

105 3376 188 3426 simus
200 3370 434 3425 editerlaeserus
448 3377 483 3440 (p.
497 3373 513 3428 3
527 3373 605 3441 sqq).
621 3374 670 3441 Qul
684 3341 750 3442 qirotl
762 3382 852 3427 contra
865 3373 983 3442 Surpium
995 3376 1097 3441 attulit,

104 3443 276 3512 Calpurnium
293 3441 354 3506 (eol
374 3441 420 3506 lV,
439 3443 473 3496 st
485 3442 538 3509 sq.)
555 3444 625 3493 hisce
643 3458 714 3495 osso

173 3510 291 3577 Namque
309 3511 377 3562 lic
369 3527 395 3562 ιι
412 3480 488 3563 ’silvis
507 3526 630 3579 praeseus
647 3513 696 3563 tibi
715 3512 780 3563 lama
799 3511 937 3593 lsenipunm

175 3579 280 3631 Stravit
296 3580 362 3645 iter,
382 3595 503 3646 rumpens
522 3579 614 3631 livoris
633 3581 721 3632 nubila
739 3580 830 3648 pennis

105 3657 198 3718 aperte
215 3650 345 3700 imitatum
364 3664 421 3701 esse
439 3649 551 3700 Statium
569 3648 665 3713 (Theb.
683 3648 741 3714 llll,
761 3650 853 3717 812sq
856 3650 893 3713 .)·

318 3718 369 3769 iam
387 3725 458 3771 certo
476 3733 599 3786 praesens
616 3717 664 3769 uiti
682 3687 751 3771 lum’a
768 3719 906 3784 benignum

177 3787 280 3839 Stravit
298 3786 401 3838 iter-

109 3864 136 3909 et
152 3855 202 3924 (nb
221 3855 352 3923 susos).

320 3925 344 3977 si
361 3923 420 3992 quis
438 3923 524 3976 adhue
540 3923 690 3992 praetendit
706 3922 797 3976 uuluila
814 3923 882 3975 livor

112 4079 160 4114 aoa
178 3994 324 4115 giseliltita
343 4061 477 4126 refellere,
499 4069 528 4113 ut
540 4060 641 4114 Statius
653 4063 738 4129 potins
756 4061 873 4112 imitator
889 4059 972 4112 luisse
989 4060 1103 4126 dicatur,

127 4133 265 4184 nessrtim
283 4131 310 4182 in
328 4132 477 4195 imitatore,
496 4131 580 4198 qualis
598 4138 637 4182 est
655 4129 819 4198 Calpurnius.
839 4129 936 4196 Quodsi
951 4130 1012 4183 llic
1005 4146 1030 4180 ιι
1044 4130 1102 4182 eod.

111 4149 190 4255 liat.
216 4207 327 4252 vocatur
354 4167 512 4252 Tlseoerr‘lus
540 4200 740 4266 calphurnius,
767 4198 963 4266 comparandum
988 4199 1103 4260 videtur,

113 4270 176 4336 quod
201 4271 228 4321 in
253 4270 327 4320 codd.
356 4269 506 4336 quibusdam
530 4268 635 4320 Persius
660 4269 807 4320 cornicatur
832 4269 942 4319 Persius
960 4267 1105 4330 Lnodddn'ns,

114 4346 141 4389 at
156 4338 326 4458 praetersp.
342 4339 366 4390 1.
387 4338 431 4392 Βι.
444 4340 472 4402 2,
491 4338 518 4389 in
536 4338 593 4388 eod.
606 4337 717 4390 Vindob.
730 4339 816 4389 clnrt.
829 4352 882 4388 see.
896 4335 957 4400 XV,
972 4352 998 4388 u.
1012 4301 1105 4402 ml

85 4475 100 4526 t
114 4408 307 4530 Ι1ῗιιιιιιξιιικιὶιζι
322 4408 597 4529 ἕιαιιιιὲιςιοιίιιιίιιιι
617 4475 732 4529 Persium
751 4473 889 4540 Fulgeutlo
901 4488 988 4527 ausum
1002 4473 1105 4525 dedisse
