2574 5054
195 760 256 805 ccx
514 737 887 801 stennenbrun.

192 907 420 1076 exboniauae,
450 908 529 973 unde
555 927 612 991 ego
639 907 799 994 descripsi.
836 907 968 974 Easdem
993 909 1087 974 edidit
1108 907 1149 972 Ε.
1174 906 1215 973 G.

248 1010 407 1075 eberus.

98 1148 136 1201 W
149 1150 173 1202 ι.
278 1125 356 1192 Cod.
373 1127 571 1192 bibliothecae
590 1125 878 1213 Guelferbytanae,
896 1126 1029 1192 Gudian.
1045 1127 1162 1213 790ss
1171 1128 1215 1215 1),

192 1229 460 1308 membranaceus,
483 1231 578 1293 lorma
595 1232 744 1308 maxima,
768 1250 852 1295 suec.
869 1228 917 1294 Xl
933 1230 1075 1314 scriptus.

96 1376 171 1429 Wt.
277 1363 356 1430 cod.
380 1365 513 1430 ciusdem
537 1364 632 1442 tibh,
655 1365 740 1449 Aug.
762 1363 876 1441 29,12
899 1363 965 1448 (W
971 1364 1042 1446 2.),
1067 1364 1215 1429 membra·

191 1488 324 1545 naceus,
355 1469 452 1533 forma
474 1470 611 1546 minore,
637 1487 720 1532 saec.
744 1462 835 1530 xltt.
872 1464 985 1529 Habuit
1007 1467 1094 1529 huius
1110 1489 1161 1531 vv.
1180 1468 1212 1530 ll.

190 1569 280 1634 ctiam
304 1567 506 1648 Orellius,
530 1570 561 1633 in
584 1588 682 1632 meum
704 1587 790 1631 usum
814 1577 970 1651 utrumque
994 1568 1031 1632 ad
1048 1568 1121 1631 edit.
1138 1566 1215 1632 Pas·

190 1669 793 1738 soviicontulitschoenemannus.

274 1787 390 1853 Horum
406 1789 544 1854 codicum
559 1799 702 1853 accurate
712 1788 890 1850 collatorum
906 1785 1054 1870 integrum
1071 1786 1215 1872 proposui

190 1890 368 1957 varietatem
392 1889 552 1968 lectionis,
574 1889 617 1955 ita
640 1901 692 1969 ut,
715 1888 765 1953 ubi
784 1890 858 1952 nihil
880 1889 917 1953 de
941 1910 977 1953 ea
999 1889 1143 1951 monitum
1159 1890 1212 1967 sit,

190 1993 367 2057 consentire
384 1992 474 2056 codd.
490 2011 557 2054 cnm
572 2002 694 2074 recepta
709 1991 841 2054 lectione
856 1991 985 2075 intelligi
1000 1991 1101 2055 velim.
1130 1987 1165 2053 ld
1181 1991 1213 2053 in

189 2093 408 2176 antiquioribus
424 2104 454 2156 ct
471 2093 645 2157 melioribus
661 2093 750 2157 codd.
768 2094 809 2157 ita
824 2092 1106 2176 interpretandum,
1126 2103 1212 2155 utne

190 2194 269 2259 levin
291 2195 408 2278 quidem
431 2205 580 2258 annotare
602 2194 771 2272 omiserim,
795 2213 899 2258 rernm
923 2213 984 2255 non
1010 2204 1068 2257 tam
1092 2194 1212 2278 ineptus

189 2295 249 2374 lui,
274 2306 307 2360 nt
329 2317 370 2360 ex
389 2296 608 2360 recentissimis
629 2316 746 2381 quoque
770 2295 859 2360 codd.
883 2315 1021 2372 omnem,
1052 2295 1213 2380 orthogra-

189 2396 276 2481 phiae
292 2398 477 2481 potissimum
493 2399 634 2463 vitiorum
650 2398 771 2461 sordem
795 2397 982 2480 colligerem.
1014 2392 1048 2460 Si
1070 2397 1136 2480 quis
1159 2418 1213 2461 au-

189 2509 250 2563 tem
270 2510 443 2583 apparatum
466 2500 603 2564 criticum
627 2500 816 2585 inspexerit,
840 2498 972 2575 videbit,
996 2520 1044 2562 me
1071 2510 1211 2563 nontam

189 2601 282 2664 fnisse
299 2603 512 2680 temerarium,
535 2603 589 2666 sed
606 2602 697 2666 multa
713 2602 868 2678 attulisse,
893 2601 999 2684 quibus
1020 2621 1126 2665 carere
1143 2623 1213 2684 pos-

189 2701 294 2763 simus.
324 2697 401 2766 lllnd
416 2723 491 2767 vero
507 2705 562 2767 vix
577 2714 641 2780 est,
659 2704 736 2787 qnod
754 2724 911 2782 moneam,
929 2702 1017 2781 mihi,
1035 2724 1211 2786 quamquam

189 2821 307 2865 omnem
323 2824 425 2868 curam
442 2817 532 2889 atque
549 2803 733 2889 diligentiam
757 2805 897 2884 adhibui,
921 2806 1088 2869 verendum
1109 2814 1211 2867 tamen

188 2922 277 2982 csse,
301 2925 339 2967 ne
365 2926 487 2971 errores
511 2907 628 2991 quidam
650 2908 682 2971 in
704 2907 902 2970 recensendis
924 2928 977 2970 vv.
1000 2907 1032 2970 ll.
1056 2906 1211 2971 commissi

187 3003 260 3067 siut.
300 3001 479 3090 Quicunque
507 3009 587 3070 enim
616 3009 706 3072 talem
734 3028 855 3090 operam
885 3008 949 3091 ipse
970 3007 1102 3092 suscepit
1124 3018 1212 3071 tenet

187 3107 344 3189 proiecto,
369 3127 455 3190 quam
480 3107 596 3173 difficile
617 3110 675 3187 sit,
700 3128 757 3172 nec
779 3108 812 3170 in
833 3109 938 3172 codice
954 3108 1139 3174 conferendo
1156 3130 1211 3172 un-

187 3228 275 3290 quam
297 3209 380 3288 lalli,
405 3211 508 3275 necin
529 3211 707 3275 adhibendis
729 3210 823 3274 variis
845 3210 1037 3275 lectionibus.
1068 3212 1212 3275 Accessit

187 3308 244 3372 iam
267 3311 413 3375 molestus
435 3311 522 3376 labor
543 3323 589 3376 tot
608 3312 697 3376 codd.
714 3312 751 3375 ad
769 3312 907 3376 diversas
923 3312 1073 3376 editiones
1090 3321 1210 3376 notatas

187 3432 238 3473 vv.
262 3411 294 3474 ll.
318 3413 499 3477 conferendi
521 3422 553 3478 et
576 3413 750 3497 digerendi,
773 3413 805 3475 in
834 3432 892 3494 qno
918 3412 944 3475 si
967 3412 1092 3495 quando
1108 3414 1210 3495 lapsus

185 3531 269 3590 snm,
287 3512 464 3596 ignoscent,
481 3534 590 3598 spero,
608 3515 695 3598 aequi
711 3513 837 3578 iudices.
862 3512 1007 3596 Equidem
1025 3534 1081 3577 nec
1097 3533 1209 3597 operae

186 3633 244 3678 nec
259 3616 386 3698 tempori
402 3616 544 3700 peperci,
567 3625 600 3679 ut
623 3616 701 3680 hanc
717 3635 839 3701 opernm
853 3614 896 3679 itu
912 3616 1107 3700 perficerem,
1130 3626 1164 3679 ut
1180 3615 1210 3680 ei

184 3714 274 3780 fidem
290 3716 402 3782 habere
419 3729 543 3802 possent
558 3714 631 3782 VV.
654 3715 726 3781 hl).

271 3836 396 3900 Accede
417 3836 477 3902 ism
492 3837 531 3901 rd
547 3857 601 3901 eos
617 3836 706 3901 codd.
731 3836 958 3916 recensendos,
983 3835 1021 3899 de
1041 3834 1146 3918 quihus
1166 3834 1208 3900 itu

185 3947 300 4001 tanturn
316 3939 433 4002 referre
454 3938 556 4024 potui,
578 3949 613 4003 ut
634 3939 781 4003 lectiones
801 3957 1003 4023 apponerem,
1026 3958 1100 4019 quas
1122 3956 1209 4021 prac-

183 4037 258 4103 bere
274 4058 327 4102 eos
342 4039 484 4103 traditum
500 4050 566 4120 est,
590 4060 607 4104 c
624 4060 748 4123 quorum
766 4039 887 4105 silentio
903 4040 977 4104 nihil
992 4038 1065 4102 effici
1080 4048 1192 4123 potest,

183 4271 229 4339 Pl
271 4171 372 4288 ded.
388 4173 590 4241 bibliothecae
611 4173 731 4259 Regiae
752 4173 958 4254 liconiensis,
981 4195 1057 4259 quos
1080 4174 1209 4240 contulit

237 4294 373 4338 umrus.

105 4421 123 4454 a
143 4403 167 4455 t.
272 4392 352 4460 Cod.
370 4414 401 4458 n.
417 4389 504 4458 2028
517 4397 555 4476 (o
567 4394 633 4482 1.),
649 4395 918 4475 membranaceus,
934 4396 1031 4461 dorma
1047 4395 1205 4479 quadrata,
