2574 5054
30 842 39 857 .
121 818 168 858 na
453 787 813 852 rennuentibus.

125 959 271 1051 ἀπορίας
299 962 428 1045 deniqne
458 962 613 1037 solveret,
646 980 720 1043 quas
749 960 781 1024 in
811 956 933 1042 Virgilii
965 957 1151 1022 carminibus

127 1065 390 1153 grammaticorum
415 1061 572 1136 luctuosis
591 1064 659 1127 illos
685 1059 899 1128 aemulantium
927 1060 1031 1145 putida
1058 1079 1150 1145 saepe

126 1169 276 1234 subtilitas
298 1166 453 1232 invenisse
475 1166 663 1249 gloriabatur
680 1172 704 1228 ¹.
744 1161 861 1247 Quodsi
887 1162 918 1225 in
949 1163 1032 1227 bisce
1060 1161 1150 1227 nimia

126 1272 276 1336 subtiliter
290 1281 321 1334 et
336 1269 435 1334 minos
449 1279 535 1333 recte
550 1267 719 1353 disputasse
734 1265 833 1331 videri
857 1275 958 1350 potest
978 1261 1149 1344 Cornutus,

126 1373 188 1438 non
210 1373 333 1437 niodum
355 1381 455 1436 umen
480 1371 517 1436 de
540 1370 605 1435 eius
624 1370 740 1435 mentis
755 1380 845 1453 atquc
861 1369 940 1431 dama
955 1367 1150 1432 detrabemus

126 1477 183 1562 ipsi
199 1475 388 1561 grammatici
406 1481 429 1537 ².
465 1472 550 1559 (lpus
565 1472 713 1555 quoddam
730 1467 860 1535 Cornuti
876 1468 1103 1554 grammaticum
1117 1469 1150 1534 in

127 1578 278 1663 corruptis
302 1574 434 1640 Charisii
450 1575 553 1641 verbis
575 1570 620 1659 (ll
635 1597 666 1660 p.
684 1572 744 1639 181
760 1571 815 1653 P.)
831 1573 927 1637 latere
942 1572 1086 1636 ridetur:
1111 1572 1150 1636 Is

126 1680 240 1746 rouredo
249 1701 310 1767 pro
323 1678 429 1767 palona
446 1687 477 1741 et
491 1679 523 1741 in
539 1675 702 1762 expedito,
727 1697 766 1739 nc
782 1678 855 1740 cito.
877 1674 1051 1738 Plautus
1066 1674 1100 1738 in
1113 1676 1148 1736 *.·

129 1784 241 1865 „Quia
262 1782 397 1846 sciebam
404 1828 415 1858 ,
428 1786 451 1818 “
476 1782 596 1865 inquit,
622 1780 813 1864 ‚pristmum
841 1778 873 1840 in
899 1774 1012 1838 mundo
1025 1772 1148 1859 sore.“

131 1885 290 1951 Caecilius
314 1902 435 1968 puroque
458 1892 492 1945 ut
515 1890 667 1945 terinaeus
695 1878 852 1945 Cornutus
868 1877 946 1941 libro
966 1877 1031 1941 tcb'
1046 1887 1151 1941 casta·

127 2009 197 2050 rum
208 1987 313 2072 pub‘c's
335 1986 405 2047 sui.-
431 1982 610 2068 „Profecto
633 1985 690 2069 qni
707 1980 794 2045 nobis
813 1982 845 2044 in
866 1979 978 2043 mundo
1001 1978 1151 2064 futurum

128 2090 282 2152 lecturn.“
317 2085 415 2148 ltcrn:
442 2084 553 2163 „Idem
569 2105 701 2170 numque
715 2084 827 2147 mulum
843 2084 875 2144 irs
889 2081 1002 2145 inundo
1016 2084 1046 2145 is
1060 2085 1149 2147 a’re.“

128 2187 217 2272 Quae
242 2188 335 2252 verba
364 2189 406 2253 ita
434 2187 624 2253 emendanda
654 2185 773 2251 censuit
802 2182 1031 2248 Lindemannus
1049 2190 1082 2248 δε
1117 2193 1152 2247 ut

126 2291 283 2356 Annaeus
301 2287 460 2355 Cornutus
475 2284 557 2355 libro
570 2288 763 2374 subulcorum
786 2296 944 2350 castarum
960 2289 1067 2371 putrc‘s
1086 2288 1150 2364 aad,

127 2414 205 2477 qnae
220 2393 356 2476 quamvis
373 2394 470 2459 incilia
485 2391 638 2459 correctio
653 2391 712 2470 sit,
736 2410 797 2452 non
820 2389 942 2452 multum
965 2399 1066 2452 umen
1082 2410 1153 2474 pro·

127 2495 262 2574 ficimus,
292 2513 389 2578 neque
420 2515 486 2559 eam
510 2493 676 2579 explicavit
698 2503 816 2556 auctor.
856 2488 1041 2574 Quamquam
1071 2491 1152 2555 euim

128 2596 267 2661 notitiam
288 2597 325 2661 de
350 2593 479 2660 Comuti
501 2606 585 2680 patre
609 2595 744 2659 litterato
766 2594 936 2672 lucramur,
958 2604 1060 2657 umen
1076 2613 1152 2677 quae

128 2698 192 2762 sint
220 2708 324 2763 castae
357 2696 475 2761 fabulae
498 2696 575 2760 baud
599 2697 687 2761 facile
711 2696 864 2780 quisquam
895 2697 1027 2774 dixerit,
1056 2715 1153 2781 neque

130 2902 142 2954 l
164 2900 205 2954 (Ξῖ.
225 2899 282 2952 lur.
295 2899 352 2960 Vll,
365 2901 415 2955 22⁹
429 2916 484 2967 sqq.
504 2898 599 2959 Lebrs.
619 2901 651 2950 de
663 2899 808 2951 Aristarchi
822 2899 893 2951 stud.
905 2898 978 2950 llom.
992 2916 1017 2968 p.
1030 2901 1082 2955 ili
1094 2915 1151 2968 sqq.

129 2971 145 3025 2
164 2968 235 3035 Quod
254 2969 280 3020 iu
298 2967 498 3021 Terentium
517 2985 616 3036 quoque
628 2970 838 3020 commentarium
851 2969 987 3035 scripsisse
1003 2967 1153 3036 perbibetna

162 3038 309 3098 Cornutus,
329 3039 355 3089 ld
369 3037 439 3089 nulla
452 3039 601 3089 satiscertn
614 3038 663 3088 ilde
679 3039 780 3089 nititur.
800 3037 840 3088 ct.
856 3038 980 3105 Sobopen.
1000 3039 1031 3100 de
1043 3037 1151 3090 Terent.

162 3115 190 3158 et
208 3107 307 3158 Donato
326 3123 351 3174 p.
371 3107 415 3160 39.
434 3104 570 3170 Suriugar.
590 3107 650 3158 bist.
671 3109 729 3158 crit.
751 3107 760 3158 l
779 3123 802 3173 p.
824 3107 872 3159 lbi
884 3123 922 3173 sq.
942 3105 979 3157 lle
998 3115 1154 3158 commenta·

163 3176 211 3227 riis
229 3174 255 3227 iu
274 3174 424 3228 Persium
443 3183 470 3227 et
487 3174 697 3236 iuvenalem,
723 3175 836 3243 quirius
854 3190 944 3225 nomeu
963 3175 1064 3235 ierunt.
1084 3175 1152 3227 inira

162 3246 311 3296 accuratius
339 3245 524 3312 disputabitur.
562 3244 608 3296 llic
631 3245 741 3310 deniqne
765 3243 982 3305 commemorabo,
1009 3245 1084 3295 cuius
1112 3260 1153 3296 me

163 3313 355 3366 commonefecit
379 3315 486 3366 beierus
503 3314 547 3379 (ad
559 3313 615 3365 Cic.
635 3312 667 3365 de
685 3314 727 3364 oti.
747 3312 767 3364 ll
788 3330 812 3379 p.
834 3313 903 3377 tto).
930 3311 1038 3364 loannes
1055 3311 1154 3381 Scoppa

163 3383 231 3434 enirn
250 3383 324 3448 (coil.
339 3399 362 3434 c.
375 3383 391 3437 2
404 3383 471 3450 apud
484 3381 562 3433 Grut.
579 3383 646 3434 tbes.
660 3398 697 3432 cr.
713 3382 721 3432 l
735 3398 759 3447 p.
773 3383 835 3442 895)
849 3383 911 3432 beec
924 3380 1035 3432 scribit:
1056 3382 1152 3445 „Cor-

164 3458 268 3502 nutus
293 3452 519 3520 pbilosopbna
546 3451 578 3501 de
604 3452 676 3502 urbis
699 3449 792 3501 Romae
816 3450 972 3516 antiquitate
990 3450 1022 3501 ad
1040 3449 1152 3503 Palae·

162 3533 285 3571 utonem
310 3520 567 3585 grammaticum
592 3520 655 3570 baec
678 3518 792 3569 scribens
817 3520 916 3585 inquit.
943 3519 1005 3570 lani
1025 3519 1151 3585 templares

164 3587 260 3653 bp'soris
277 3591 306 3638 in
326 3588 393 3638 clivo
414 3587 566 3653 Capitolino
588 3591 819 3649 vetustissimum,
839 3590 972 3638 onustatis
992 3590 1154 3640 mannonis

164 3656 207 3706 oei
217 3672 231 3705 e
243 3655 336 3707 Pariis
355 3657 486 3708 columnis
498 3655 631 3718 vidimus,
650 3659 714 3721 quic
727 3659 753 3706 in
766 3656 852 3706 medin
864 3659 922 3706 eirca
934 3656 1000 3707 clici
1009 3659 1153 3708 cunnum

162 3723 247 3775 lunata
258 3741 396 3788 summus,
415 3727 524 3776 etimne
536 3727 564 3774 in
577 3729 700 3775 summo
722 3724 789 3774 cliuo
807 3728 974 3775 nominatur.
998 3722 1087 3775 Locus
1104 3726 1153 3775 aub

127 3830 128 3834 ,
165 3793 264 3859 ternpln
284 3792 388 3844 medius
405 3797 488 3844 etiarn
507 3792 588 3843 lanua
607 3792 723 3851 dicitur,
744 3793 790 3842 nbi
803 3792 904 3859 puteal
920 3798 946 3843 et
959 3794 1153 3859 foeneratores

163 3861 320 3913 incolerent.
352 3861 489 3928 llueuaque
515 3861 677 3911 Cornutus.“
708 3860 746 3911 Ad
770 3861 858 3912 eadent
877 3861 1019 3928 respiciunt
1036 3859 1154 3913 Naueius

163 3929 238 3980 auiae.
257 3928 302 3989 lV.
323 3931 354 3983 ts
372 3938 399 3981 et
423 3930 553 3981 Brodaeua
572 3929 644 3980 misc.
663 3927 696 3990 ll,
716 3929 759 3982 tt.
797 3929 866 3981 llaec
889 3930 956 3980 unde
979 3936 1064 3980 sumta
1089 3930 1152 3990 siut.

164 4003 191 4046 et
209 4012 268 4048 uuus
287 3998 318 4049 de
336 4000 385 4049 tali
403 3998 470 4049 libro
488 3997 520 4048 ab
539 3996 597 4049 aliis
616 3998 740 4049 traditum
758 3999 808 4061 sit,
828 3999 927 4063 ignoro.

130 4065 147 4116 3
165 4063 215 4129 Qui
233 4063 401 4117 Lindemanui
421 4066 554 4134 epistolem
573 4067 605 4118 ed
623 4065 657 4119 ll.
679 4066 816 4133 llsnptium
834 4066 971 4132 legerunt,
989 4064 1154 4118 mirabuntur

165 4132 291 4193 sortasse,
310 4135 373 4199 'quid
391 4136 443 4200 sit,
463 4152 510 4187 cur
527 4152 573 4201 ego
592 4134 704 4186 Charisii
723 4136 787 4186 illud
800 4137 969 4201 fragmentum
985 4133 1154 4187 describendo

166 4202 197 4251 de
215 4200 390 4253 Lindemauuo
408 4205 554 4272 nostrisque
572 4205 671 4255 studiis
689 4204 803 4255 merendi
827 4204 987 4255 occasionem
1010 4205 1152 4254 omiserim.

165 4267 260 4320 Varum
280 4269 403 4322 lanellius
421 4273 506 4323 nescio
525 4289 574 4339 quo
592 4287 681 4324 errore
700 4273 793 4324 ductus
812 4289 861 4323 uon
879 4274 910 4324 de
929 4274 977 4323 bae
996 4288 1041 4333 re,
1061 4273 1106 4324 aed
1122 4272 1153 4324 de

166 4345 220 4388 toto
238 4338 350 4390 Cburisii
368 4355 444 4407 opere
462 4341 544 4391 denuo
557 4357 614 4391 cum
626 4341 712 4392 codice
729 4341 883 4393 conferendo
900 4356 998 4393 mecum
1011 4354 1153 4393 sermonen

166 4405 247 4526 lectu,
273 4408 339 4475 quod
357 4424 403 4474 ego
421 4416 483 4460 tune
501 4409 622 4477 temporis
639 4409 773 4478 Neapolim
792 4410 933 4462 relicturus
951 4411 1084 4478 suscipere
1104 4424 1153 4461 nou

166 4491 197 4542 po
212 4491 249 4528 ut.
