2574 5054
412 742 776 810 PROLEGOMENA.
1005 770 1102 816 sumn

73 918 193 982 stiam
221 917 323 1002 pona
349 914 498 1003 -ciba‘eqae
530 914 759 1002 affluentibus,
798 914 895 980 donec
924 915 1102 986 blandiente

70 1021 245 1106 prosecta,
274 1038 459 1105 quamquam
488 1021 631 1106 eadgitae
656 1021 741 1087 cami
768 1027 798 1083 et
813 1018 935 1102 stasne
961 1022 1018 1102 (ol.
1039 1022 1100 1089 Dio

75 1120 286 1203 C.LX1,2⁰
306 1120 418 1190 cotom
439 1120 496 1189 sul
517 1116 628 1210 βραχύ
649 1122 705 1188 soi
727 1119 839 1208 peteo
861 1114 904 1196 oie
923 1142 962 1207 ys
986 1148 1100 1210 saepa-

73 1225 210 1293 δέδοται
232 1221 383 1312 pairano
405 1227 529 1314 ἔχιῑιν),
553 1223 688 1309 modiis
710 1225 742 1287 ia
764 1243 888 1287 somma
909 1228 1097 1311 concapior‘t,

73 1328 205 1392 emmae
228 1332 313 1392 sister
331 1327 520 1413 familiares
552 1324 707 1392 &aecum
731 1324 929 1410 proverbium
963 1329 1097 1407 iactans,

73 1431 217 1494 occultae
236 1433 374 1494 musicae
394 1430 513 1494 nullom
536 1451 603 1494 esse
624 1438 811 1516 respectam.
838 1426 927 1492 Unde
942 1428 995 1494 illu
1010 1429 1098 1497 roem

73 1533 227 1611 adulatio,
250 1552 309 1616 qus
324 1531 454 1596 divinam
470 1531 613 1616 principis
626 1552 734 1596 vocem
753 1528 984 1596 venerabantur
997 1543 1029 1597 et
1043 1552 1098 1618 pro

73 1657 110 1699 es
132 1633 385 1700 sacrificabantur
405 1631 481 1716 (Dio
505 1631 544 1700 C.
569 1630 674 1712 LXII,
695 1631 749 1699 26.
774 1630 922 1696 Philostr.
940 1657 972 1698 v.
989 1634 1093 1720 Apoll.

74 1736 176 1823 Tyun.
193 1734 255 1816 tv,
271 1734 340 1823 39).
372 1734 460 1819 Quae
483 1738 582 1801 omniu
605 1757 693 1824 quam
710 1736 835 1821 egregie
852 1737 1017 1800 concinant
1030 1759 1097 1803 enm

72 1837 174 1904 Persii
189 1840 393 1923 descriptione
407 1860 469 1904 non
485 1860 560 1925 opus
576 1850 624 1904 cst
639 1850 672 1903 nt
686 1859 823 1902 moneam
839 1845 861 1900 ¹.
893 1833 957 1903 lam
972 1861 1094 1921 versus,

72 1962 148 2025 quos
167 1938 296 2006 Persius
318 1941 426 2019 affert,
456 1942 621 2006 simillimos
645 1963 715 2007 esse
742 1941 799 2017 iis,
829 1961 904 2023 qnos
926 1963 945 2006 a
966 1939 1095 2008 Nerone

72 2045 200 2128 scriptos
214 2043 315 2109 adhue
331 2042 491 2122 babemus,
508 2064 570 2108 uon
585 2054 685 2129 potest
700 2042 823 2125 negari:
846 2061 939 2126 quare
952 2044 979 2109 si
995 2044 1096 2109 omnia

73 2147 301 2213 consideramus
315 2146 408 2230 longe
421 2145 669 2210 verisimillimum
686 2155 752 2225 est,
776 2165 845 2210 esse
869 2166 923 2211 eos
937 2167 1013 2211 vere
1028 2145 1095 2213 Ne·

72 2249 176 2327 runis,
199 2247 380 2334 praesertim
404 2268 469 2312 cnm
486 2249 599 2313 diserte
614 2249 750 2313 nominet
764 2246 925 2314 Maenada
940 2259 970 2312 et
984 2250 1093 2326 Atia,

71 2372 148 2432 quae
170 2351 326 2428 carmine,
354 2350 549 2435 probabiliter
569 2350 608 2415 ab
630 2350 695 2435 ipso
718 2350 901 2434 composita,
925 2370 942 2414 a
963 2348 1093 2416 Nerone

70 2453 187 2538 publice
210 2464 333 2518 canuto
354 2473 422 2518 esse
443 2453 575 2533 scimus,
607 2474 683 2536 qnae
705 2454 798 2539 igitur
818 2454 856 2517 ad
887 2474 956 2518 eum
984 2454 1094 2519 referri

71 2576 200 2622 neeesse
221 2565 299 2620 erat.
338 2553 425 2638 Quae
448 2568 556 2621 eontra
583 2556 685 2620 afferri
714 2557 833 2633 solent,
863 2554 942 2619 haud
969 2556 1094 2620 multum

70 2661 174 2724 sciere
190 2659 345 2724 videntur.
369 2655 502 2722 Primum
525 2659 604 2722 enim
629 2658 791 2736 obiiciunt,
819 2658 874 2722 vix
895 2659 979 2723 credi
1003 2679 1093 2744 posse

70 2784 108 2826 eo
129 2781 224 2846 nsque
246 2760 391 2826 audaciae
413 2761 600 2846 processisse
616 2758 774 2838 Persium,
803 2770 836 2824 nt
849 2759 942 2844 ipsius
956 2757 1092 2825 Neronis

69 2884 178 2928 sersus
193 2865 251 2928 boc
266 2863 355 2928 modo
372 2863 562 2942 traduceret,
588 2864 666 2948 quod
682 2885 769 2947 quam
788 2885 893 2949 parum
909 2864 1023 2928 firmum
1039 2865 1090 2944 sit,

69 2977 205 3052 apparet.
238 2964 321 3031 Nem
337 2976 371 3030 ut
385 2977 522 3045 meeum,
547 2968 626 3051 qnod
644 2963 809 3031 Suetonius
825 2978 858 3031 nt
873 2965 978 3031 mirum
996 2978 1028 3032 et
1043 2968 1092 3033 vel

69 3071 229 3156 praecipue
245 3068 377 3133 notabile
393 3069 516 3134 tradidit
529 3069 624 3154 (Ner.
642 3066 720 3150 39),
744 3069 818 3132 nibil
841 3089 908 3132 eum
930 3070 1092 3153 patientius

68 3194 156 3255 qaam
172 3172 333 3237 maledicta
348 3184 380 3237 et
394 3173 531 3237 convicia
546 3172 698 3236 bominum
714 3171 837 3248 tulisse,
855 3189 952 3254 neque
968 3170 998 3234 in
1015 3172 1091 3235 ullos

68 3274 234 3353 leniorem,
258 3294 345 3358 mam
369 3275 418 3357 qui
441 3274 583 3339 sedistis
606 3285 658 3339 aut
680 3275 861 3340 carminibus
881 3273 1089 3353 lacessissent,

67 3377 245 3454 exstitisse,
268 3379 346 3459 qnod
363 3378 470 3461 probet
485 3378 575 3443 etiem
595 3374 715 3441 Lucani
738 3377 929 3462 exemplum,
954 3376 1003 3460 qui
1024 3395 1092 3440 cum

66 3478 227 3543 Nerone·
248 3480 452 3545 aemulatione
474 3481 619 3544 incensus
634 3479 941 3564 intemperantissime
956 3478 1091 3563 proscin-

68 3582 175 3659 deret,
199 3580 320 3666 inpune
334 3582 392 3647 boe
408 3583 495 3661 tulit,
519 3593 551 3648 et
571 3579 757 3648 Pisonianae
775 3584 891 3647 demuu
908 3580 1092 3646 coniuratio·

68 3685 116 3748 nis
140 3684 289 3768 particeps
308 3686 430 3770 punitus
453 3695 501 3751 est
516 3691 548 3765 ²,
572 3695 605 3748 nt
626 3684 683 3750 boc
706 3695 839 3762 mosam,
864 3683 929 3768 quis
950 3683 988 3747 de
1005 3701 1042 3746 ea
1056 3703 1090 3746 re

69 3842 79 3892 l
102 3836 171 3905 Quid
196 3839 262 3905 quod
287 3839 321 3889 ed
349 3837 432 3890 Persii
458 3838 608 3907 (mbbsq.)
625 3841 720 3891 verba:
748 3839 860 3904 Nugas-is
877 3852 933 3889 oum
951 3835 998 3887 tibi
1018 3834 1091 3886 cuive

99 3907 208 3973 Pinguis
226 3907 387 3974 aqualiculus
405 3924 528 3977 propenso
551 3911 703 3977 sesquipede
727 3912 815 3961 entett
848 3906 964 3959 adbiberi
994 3904 1092 3972 possint

99 3977 217 4027 &monii
242 3976 323 4028 verbu
340 3975 413 4043 (Ner.
429 3979 489 4038 bl):
513 3978 582 4031 rust
597 4003 630 4016 -
648 3984 741 4030 ventre
762 3981 894 4042 proiecto.
931 3973 1002 4039 Quod
1019 3979 1091 4024 notet

99 4046 187 4096 Sebol.
213 4045 312 4097 Laeua.
338 4045 428 4113 (i,53·
444 4048 485 4099 58.
501 4049 562 4112 bl),
591 4046 716 4098 Neronem
742 4046 822 4097 fnisse
846 4045 961 4106 eslvnm,
988 4043 1092 4092 credere

100 4123 174 4167 vetet
191 4115 331 4167 Suetonius
350 4116 381 4181 (Ι.
403 4116 449 4182 L),
469 4131 516 4167 neo
535 4116 640 4180 dubito,
659 4118 718 4184 quin
738 4115 844 4178 Senot,
871 4114 914 4180 qui
933 4112 1057 4163 Neronem
1075 4123 1090 4161 t

97 4184 205 4236 Luesno
234 4184 336 4236 traduci
367 4185 416 4235 sibi
447 4192 627 4252 persuaserat,
658 4187 684 4237 in
711 4187 795 4235 inimo
820 4182 939 4234 babuerit
962 4179 1091 4231 luvenalis

97 4253 156 4317 (tv,
169 4253 215 4317 38)
232 4255 338 4304 caleam
358 4253 503 4317 Neronem,
522 4255 565 4322 qui
584 4261 622 4305 tot
639 4270 741 4305 errores
759 4253 912 4321 procreavit.
935 4248 1030 4300 Verum
1045 4249 1091 4297 boe

96 4325 174 4375 nodo
198 4321 326 4376 Neronem
348 4337 363 4375 e
389 4322 476 4375 Persio
502 4330 615 4375 notatum
640 4339 715 4387 esse,
749 4339 796 4373 ison
823 4336 921 4390 possum
947 4317 1009 4369 mibi
1034 4331 1092 4383 peo-

62 4465 78 4515 2
96 4394 234 4515 bNdSebbt.
261 4462 310 4512 vit.
337 4459 457 4512 Lucanus
475 4460 586 4514 sonasse
604 4461 662 4514 ideo
680 4475 778 4528 quoque
797 4466 930 4524 tantopere
948 4452 1094 4506 admirabe-
