2574 5054
421 694 792 817 now-coum·
1059 775 1113 821 eu

83 924 176 999 etque
197 913 366 983 auotoritas
389 936 428 981 ea
448 926 515 996 est,
538 937 626 1002 qnam
640 918 672 984 in
687 920 744 986 hae
759 920 796 986 da
812 919 875 987 vita
888 917 990 990 Persii
1004 921 1113 989 notitia

83 1017 278 1096 inveni-ns,
307 1017 341 1083 io
362 1039 422 1103 qna
442 1039 479 1085 ea
498 1018 608 1085 tradita
635 1041 705 1088 essa
732 1022 921 1109 monuimus,
946 1042 1022 1110 qnae
1052 1044 1114 1090 non

86 1120 148 1185 nisi
168 1130 272 1186 aetate
294 1122 451 1205 proximus
475 1132 505 1186 ot
527 1122 647 1189 snbaoti
665 1124 767 1193 iutioii
789 1126 838 1192 vir
851 1126 989 1192 sorihere
1004 1128 1113 1212 potnit.

87 1219 195 1306 θωνα
210 1222 324 1289 snllnm
339 1244 462 1291 sansana
475 1222 584 1303 video,
606 1245 662 1290 onr
676 1247 737 1292 non
752 1226 791 1291 sol
806 1225 965 1294 Valerium
978 1224 1115 1294 Probum

85 1321 246 1410 Berytinrn
261 1325 426 1391 releretnr.
450 1323 541 1410 Qootl
555 1338 656 1395 anton
672 1328 747 1395 hasa
761 1329 825 1395 vila
841 1330 879 1397 ds
895 1329 1115 1396 nonnentario

86 1425 153 1490 eins
167 1425 289 1492 snblota
302 1427 430 1506 dloitnr,
454 1439 555 1514 potest
567 1429 599 1495 it
621 1430 707 1495 sario
728 1433 818 1496 modo
842 1432 1002 1517 explicari.
1039 1429 1116 1495 Non

87 1547 159 1593 osse
173 1529 218 1593 ita
231 1549 251 1592 a
265 1524 369 1593 Probo
384 1531 545 1616 scriptam,
567 1540 602 1600 nt
622 1551 702 1597 nono
722 1543 844 1611 exstat,
867 1542 967 1618 patet,
991 1543 1024 1596 et
1043 1531 1117 1598 mili

87 1631 211 1715 qnitlesn
224 1631 334 1716 pertint
349 1651 403 1711 es,
427 1653 504 1719 queo
519 1633 556 1698 tlo
572 1633 628 1700 hao
644 1655 678 1699 ro
694 1643 922 1722 composuerat,
945 1635 976 1698 in
993 1633 1116 1699 bravius

88 1741 251 1799 nontraole
272 1752 362 1813 este,
384 1735 511 1820 partior,
534 1755 611 1821 quae
633 1735 759 1819 singolis
780 1736 855 1801 lonis
875 1737 908 1799 in
930 1745 1120 1802 commenta·-

87 1835 143 1900 riis
170 1844 334 1921 posuerat,
360 1837 477 1905 seleota
497 1847 530 1903 et
551 1848 699 1924 nongenta
725 1856 794 1902 esso
814 1837 970 1905 videntur.
1012 1838 1115 1924 Atque

87 1938 206 2004 sentiet
220 1937 395 2023 qoieonqns
416 1938 510 2004 vitam
532 1939 714 2023 perlegerit,
739 1959 809 2004 esse
831 1939 909 2007 bano
930 1941 1116 2024 farraginem

89 2040 253 2105 nnllam
281 2058 444 2127 esmmqoo
473 2040 652 2125 optinorum
678 2037 945 2116 observationum,
973 2042 1030 2108 set
1060 2060 1119 2107 neo

90 2142 153 2206 nlls
180 2151 251 2206 erte
280 2141 532 2227 ooupositsrnnn,
569 2163 628 2207 neo
663 2151 734 2227 apto
764 2143 871 2207 orolino
901 2141 1118 2219 exhibitarum,

90 2242 178 2309 enim
198 2241 332 2327 vestigia
353 2241 547 2323 violaremus,
576 2241 604 2308 si
623 2243 688 2309 vita
708 2242 767 2308 rite
794 2246 967 2332 oonsoripto
993 2243 1031 2307 ab
1058 2242 1118 2308 alio

90 2354 254 2410 onomate
275 2353 370 2409 esset.
407 2341 528 2409 Contra
549 2343 638 2410 hoino
658 2345 741 2411 vitea
762 2347 841 2412 ratio
860 2344 991 2430 intelligi
1005 2353 1118 2431 potest,

91 2448 117 2514 si
132 2448 165 2512 in
181 2468 252 2513 earn
266 2466 310 2512 ox
324 2447 452 2512 divorsis
467 2446 715 2513 ennotntionilrns
731 2449 849 2533 singula
865 2460 1014 2536 oongssts
1027 2448 1119 2514 sunni·

92 2571 178 2629 uns,
201 2569 274 2614 nana
288 2549 330 2614 in
345 2549 491 2634 explioari
506 2558 607 2634 potest
620 2549 699 2635 qoool
714 2571 772 2617 neo
785 2551 908 2638 singola
920 2553 1004 2617 inter
1018 2572 1052 2616 se
1069 2571 1120 2616 oou

92 2651 227 2717 haerent
239 2670 300 2716 nee
312 2650 409 2717 iustos
424 2650 502 2715 orolo
516 2661 658 2717 sero-stus
674 2659 733 2716 est.
760 2650 903 2720 Pertinet
925 2655 1001 2720 laea
1016 2651 1121 2718 obser·

92 2752 176 2819 ratio
191 2752 232 2819 al
249 2773 288 2818 ea
300 2752 498 2836 praesertin,
516 2771 592 2836 qnae
607 2752 712 2817 ultimo
727 2755 795 2819 loeo
811 2767 975 2822 narrantur
988 2750 1122 2840 (pots)

93 2856 133 2920 de
154 2853 327 2920 inritatione
347 2851 460 2919 Lucilii
482 2863 514 2917 et
535 2853 668 2919 lectione
691 2852 830 2923 Cornuto
852 2868 977 2924 anctore
993 2867 1119 2921 mutata.

94 2954 187 3041 Quae
209 2977 277 3023 eon
299 2966 369 3042 post
383 2965 512 3023 norton
526 2950 626 3021 Persii
640 2955 699 3021 iarn
715 2969 868 3023 nauatam
889 2959 1067 3037 tradantur,
1091 2969 1124 3022 ot

94 3060 139 3124 ita
152 3070 189 3125 nt
202 3056 319 3123 verlses
343 3056 410 3125 Sed
421 3077 497 3122 enon
509 3064 548 3122 ot
567 3077 589 3123 a
606 3057 715 3124 soloolo
735 3061 959 3147 magistrisque
981 3057 1121 3134 dinoot,

95 3162 181 3228 nollo
196 3159 289 3228 nota
303 3181 371 3227 ann
392 3161 451 3238 iis,
473 3179 550 3244 qnos
571 3160 776 3245 praecellant,
799 3161 883 3247 iungi
904 3159 1039 3246 possint,
1064 3178 1125 3223 non

94 3265 279 3342 delnernnt,
296 3262 347 3348 qni
361 3282 398 3327 ea
413 3263 473 3328 alio
488 3262 556 3326 looo
572 3262 737 3328 inserenda
752 3283 822 3329 esse
837 3272 988 3351 putarent.
1007 3256 1125 3326 Verum

97 3389 157 3433 nee
171 3366 200 3433 is
215 3365 292 3431 setis
306 3364 481 3431 oonnnotlns
496 3375 561 3443 est,
585 3373 617 3430 ot
629 3364 830 3431 inveniuntur
850 3365 925 3431 laco
940 3364 972 3428 in
987 3361 1126 3427 omnibns

98 3469 188 3534 eota.
204 3466 311 3532 altimo
326 3466 408 3533 loeo.
442 3463 547 3550 Quare
563 3466 634 3545 alii,
657 3467 708 3550 qui
723 3476 816 3531 totam
832 3464 1037 3531 narrationem
1052 3463 1126 3526 lloti-

98 3572 172 3636 tia·
189 3579 396 3647 oensnernnt,
420 3579 452 3633 et
466 3566 523 3633 lroo
539 3577 719 3652 argumento
734 3569 782 3634 usi
802 3579 893 3646 sunt,
916 3576 950 3633 nt
963 3565 1014 3631 vol
1028 3565 1126 3631 looonr

100 3676 237 3759 ineptnrn
251 3691 271 3735 a
284 3667 382 3735 seiolo
397 3669 529 3735 additam
545 3690 614 3734 esse
636 3669 715 3735 hano
738 3668 895 3735 historiam
918 3667 1128 3732 demonstrare

101 3776 254 3841 dicerent.
285 3769 363 3838 Cnnn
379 3771 451 3839 alili
464 3771 523 3837 ianr
540 3772 710 3856 expositum
725 3771 787 3847 sit,
810 3780 918 3839 ostona,
937 3776 1129 3851 argumenta,

103 3877 212 3961 qoilrns
228 3873 415 3939 narrationis
435 3872 524 3938 lsnlns
544 3874 659 3941 veritos
680 3873 853 3958 impugnata
875 3881 942 3949 est,
973 3890 1033 3932 non
1056 3867 1131 3933 satis

103 3981 188 4045 lirosa
205 3996 295 4056 esso,
311 3985 375 4041 tun
390 3994 448 4041 neo
462 3974 521 4042 hoo
536 3977 659 4044 moltam
675 3975 768 4040 valet.
791 3971 872 4040 Nam
889 3983 953 4037 tota
969 3969 1043 4036 hoen
1060 3979 1132 4035 nota

103 4091 223 4169 speetat
236 4077 275 4142 at
290 4077 416 4162 primam
430 4076 569 4157 satiram,
590 4088 621 4143 et
636 4077 704 4142 olim
720 4075 752 4140 in
768 4073 985 4141 commentario
1002 4071 1038 4135 atl
1054 4069 1132 4136 hano»,

103 4186 199 4270 ipsam
220 4179 398 4266 legebatur,
421 4178 503 4244 undo
526 4179 565 4245 alo
589 4201 627 4245 eo
650 4177 768 4244 sublata
791 4186 858 4255 est,
881 4175 932 4260 qui
952 4174 1062 4256 selegit
1083 4192 1133 4249 ea,

103 4282 360 4372 praeentiam
383 4280 473 4346 etad
501 4280 645 4348 iutlioinm
674 4279 711 4344 tle
742 4276 843 4344 Persii
871 4288 937 4342 arte
967 4288 999 4340 et
1027 4274 1135 4341 stodiis

105 4388 308 4476 spectabant,
339 4404 465 4469 eamque
488 4393 560 4449 ento
581 4383 647 4449 eius
669 4381 781 4446 satirae
806 4379 923 4445 initium
952 4377 1069 4464 posuit,
1099 4374 1136 4440 ad
