2574 5054
393 777 752 842 Puouscouurtn.
1000 803 1089 846 xxxv

92 943 238 1029 Lamnum,
254 945 292 1013 'et
314 948 341 1014 si
362 950 413 1033 qui
436 949 549 1016 similes
572 952 696 1015 luerunt
710 959 840 1036 poetae,
864 960 936 1014 noto
953 952 1020 1014 loco
1037 973 1086 1017 re·

90 1052 261 1136 episimo.
279 1049 368 1132 118).

150 1150 243 1219 hlulto
266 1153 357 1219 etium
380 1155 479 1220 minus
502 1151 611 1220 Persio
634 1156 802 1221 convenire
830 1157 928 1240 potuit
950 1178 1017 1221 eum
1042 1154 1081 1220 h.

83 1256 220 1321 Annaeo
245 1251 422 1336 Seneca,
445 1277 533 1340 quem
557 1267 636 1322 teste
660 1258 723 1322 vita
745 1258 866 1341 antiqua
883 1278 954 1322 sero
970 1280 1085 1345 cogno·

81 1357 126 1435 tit,
147 1359 198 1423 sed
215 1378 277 1421 nou
293 1368 326 1421 ut
340 1369 503 1443 caperetur
517 1359 583 1424 eius
597 1359 733 1444 ingenio.
766 1356 855 1441 Quod
880 1360 906 1423 si
921 1380 983 1422 non
999 1360 1082 1424 addi·
1104 1440 1108 1447 ¹

78 1467 124 1521 tun
136 1461 256 1539 luisset,
273 1461 348 1525 setis
364 1471 449 1525 oerta
465 1461 640 1525 eonieetura
649 1461 769 1544 assequi
782 1462 996 1546 potuissemus,
1015 1482 1082 1526 oum

76 1559 267 1647 deutriusque
283 1562 429 1647 ingenio,
445 1562 598 1641 moribus,
617 1562 770 1628 scribendi
785 1563 904 1628 ratione
920 1564 1081 1628 aestimare

71 1663 203 1746 pominus
223 1676 248 1726 ¹.
271 1662 360 1727 Haud
377 1664 464 1728 laeile
481 1664 539 1729 duo
555 1664 612 1730 viri
629 1665 724 1748 magis
741 1663 853 1729 diversi
868 1686 937 1731 esse
954 1675 1082 1751 possunt

70 1766 145 1830 ruini
165 1766 272 1830 indole
295 1766 435 1849 vitaeque
457 1767 593 1847 ratione,
625 1788 712 1849 quam
734 1763 862 1832 Persius
886 1779 918 1833 et
948 1767 1079 1844 Seneca,

67 1879 201 1932 eumen
216 1869 310 1932 iidem
323 1867 457 1933 eiusdem
473 1868 617 1954 temporis
632 1869 708 1933 lilios
723 1890 793 1934 sese
816 1870 972 1955 permultis
986 1870 1080 1936 rehus

64 1981 140 2054 atque
173 1971 321 2036 vitiorum
350 1972 442 2034 etiam
471 1970 685 2035 communitate
712 1970 855 2056 produnt.
893 1970 1004 2038 Nullus
1031 1984 1080 2038 est

62 2073 203 2158 scriptor,
238 2071 289 2155 qui
318 2071 356 2135 ad
387 2081 471 2137 neore
498 2072 726 2157 intelligendum
755 2071 914 2152 Persium,
939 2076 1005 2139 siue
1034 2076 1079 2139 lo·

21 2174 26 2183 ⁴
62 2174 160 2255 penui
177 2194 298 2256 genus,
325 2172 391 2238 sive
414 2194 466 2239 res
486 2174 524 2238 ah
540 2195 578 2240 eo
593 2174 780 2262 descriptas,
804 2176 870 2240 sive
885 2187 979 2241 totam
995 2180 1078 2262 eogi-

60 2276 131 2340 tandi
145 2276 303 2340 rationem
318 2285 456 2361 speotes,
472 2286 588 2340 tautum
604 2280 754 2355 conferat,
776 2288 918 2362 quautam
936 2277 1076 2344 Senecae

10 2366 15 2456 ἶ
59 2389 205 2442 ettamen
227 2377 362 2442 maxima
386 2377 468 2441 iuter
493 2390 653 2462 utrumque
684 2391 731 2444 est
758 2380 872 2465 ingenii
903 2381 1075 2446 diversitas.

10 2476 13 2488 '
59 2477 135 2560 Quae
150 2481 186 2545 in
203 2479 242 2543 iis
259 2478 367 2543 stodiis
382 2480 433 2544 vel
448 2480 579 2545 maxime
596 2481 749 2559 cernitur,
767 2501 844 2565 quae
859 2481 979 2565 utrique
996 2504 1076 2546 eom·

58 2583 151 2646 munia
166 2592 252 2656 sunt,
270 2579 487 2665 philosophiam
504 2583 574 2648 dieo
589 2583 727 2647 stoieam.
754 2580 874 2648 Seneea
891 2585 971 2648 enim
988 2606 1077 2669 egre·

59 2684 131 2767 gin
147 2695 262 2748 natura
277 2681 379 2746 indole
394 2684 565 2767 praeditus,
583 2685 699 2750 stoicae
714 2684 938 2771 philosophiae,
956 2696 989 2750 ut
1005 2697 1075 2751 tune

59 2786 115 2851 lere
136 2786 270 2871 optimus
293 2785 436 2869 quisque,
468 2796 564 2849 totoni
586 2807 620 2852 se
645 2788 728 2852 dedit
744 2798 775 2852 et
802 2790 925 2852 fervore
948 2789 1076 2871 quodam

60 2886 182 2952 natanti
197 2909 266 2953 eam
282 2887 540 2972 amplectebatur,
563 2888 606 2953 ita
627 2900 660 2952 ut
675 2890 804 2954 ethicam
819 2891 1006 2974 potissimum
1023 2913 1075 2956 co·

60 2991 139 3055 leret.
171 2987 290 3054 Verum
306 3011 371 3054 eum
388 3000 472 3055 esset
486 2991 514 3053 ei
529 2991 606 3055 lelix
621 3002 653 3056 et
667 2993 777 3058 laetum
794 2992 969 3075 ingenium,
995 2993 1075 3074 quod

60 3097 137 3161 heile
152 3095 266 3159 uberes
282 3094 435 3178 proferret
449 3092 584 3172 fruetus,
609 3114 675 3157 eum
698 3095 846 3179 gauderet
870 3114 906 3157 ea
922 3094 1014 3158 animi
1030 3094 1073 3172 vi,

62 3197 212 3282 quiequid
230 3216 287 3281 pro
303 3214 480 3278 quoeunque
502 3216 536 3261 re
559 3196 618 3260 diei
633 3206 755 3280 posset,
779 3216 846 3259 eum
868 3196 1005 3260 acumine
1022 3196 1076 3260 de·

60 3309 190 3383 tegeret,
214 3320 283 3363 eum
300 3296 437 3362 laeundia
461 3309 651 3383 exponeret,
677 3298 723 3362 his
748 3298 821 3381 ipsis
842 3296 979 3376 dotihos,
1004 3297 1074 3363 rhe-

61 3402 145 3465 torica
160 3399 319 3483 disciplina
335 3397 498 3483 diligenter
513 3397 663 3476 exoultis,
686 3399 810 3463 mirifice
826 3399 937 3463 abusus
953 3409 1016 3475 est,
1042 3410 1074 3465 et

60 3504 156 3585 patim
172 3502 267 3565 nimio
283 3502 406 3565 feruore
421 3500 583 3586 abreptus,
606 3502 714 3587 partim
737 3501 851 3585 gloriae
873 3501 1012 3585 eupidiue
1027 3512 1073 3565 at·

61 3625 108 3688 que
126 3604 254 3688 quadem
278 3603 370 3666 animi
389 3603 513 3673 lascivia
534 3604 695 3682 seduetus,
719 3601 852 3686 speeiem
882 3603 977 3687 magis
1005 3603 1071 3665 veri

61 3716 139 3789 atque
167 3706 380 3789 splendorem,
404 3725 492 3788 quam
521 3707 615 3790 ipsam
638 3705 799 3769 veritatem
825 3705 987 3785 quaesivit.
1024 3702 1072 3768 Ita

10 3870 18 3891 ,
61 3809 101 3885 ht,
123 3819 156 3874 ul
179 3808 317 3893 quamvis
339 3807 455 3871 aeriter
474 3819 506 3873 et
527 3808 650 3893 eopiose
672 3805 851 3891 disputando
874 3805 1070 3887 vixunquam
1170 3857 1173 3866 .

59 3913 251 3994 persuadeat,
287 3913 377 3976 immo
406 3933 444 3976 ue
473 3910 606 3975 voluisse
632 3909 752 3993 quidem
780 3907 921 3971 videatur
946 3926 1071 3991 persua·

59 4012 140 4090 dere,
169 4014 224 4079 sed
251 4014 312 4079 vim
332 4012 564 4098 argumentandi
587 4014 686 4097 potius
714 4021 745 4074 et
772 4010 952 4093 elegantiam
981 4009 1072 4073 mira·

58 4111 146 4179 hundo
168 4116 276 4180 leetori
300 4116 483 4192 ostendere,
511 4124 545 4179 ut
566 4112 626 4177 late
648 4114 808 4198 splendeat
830 4111 928 4175 oratio
952 4110 1017 4174 eius
1042 4121 1072 4173 et

58 4213 197 4282 illecebris
213 4218 390 4302 quibusdam
406 4217 609 4302 permulceat,
633 4213 795 4279 masculam
819 4213 879 4278 vim
894 4212 1072 4296 ingenuam·

60 4400 69 4450 l
87 4401 119 4453 ue
131 4402 227 4455 Seuero
243 4404 276 4456 ei.
293 4404 322 4455 ll.
336 4404 432 4467 llitter,
451 4404 545 4458 Geseh.
559 4406 584 4455 d.
603 4403 669 4454 Phil.
687 4409 707 4453 t.
723 4399 757 4453 lV
771 4417 795 4467 p.
813 4400 862 4452 182
872 4413 926 4464 sqq.
948 4394 1070 4451 Gerlach,

88 4470 180 4524 llistar.
199 4474 275 4525 stud.
290 4490 315 4541 p.
330 4475 380 4529 271
397 4490 452 4542 sqq.
824 4537 862 4598 c*
