2574 5054
444 742 804 808 andstandand.
1050 767 1137 810 curru

109 917 298 1005 explicatum
314 925 465 1002 putemus.
495 913 559 981 laur
579 916 674 1001 igitur
687 913 868 979 haberemus
882 912 972 977 alium
988 914 1137 999 quendam

108 1019 266 1100 Probum,
300 1018 491 1103 antiquorum
528 1019 708 1104 scriptorum
743 1026 974 1094 enarratorem,
1011 1016 1049 1082 de
1078 1038 1137 1101 quo

109 1122 187 1187 nibil
200 1121 344 1188 traditum
359 1120 550 1205 reperimus,
573 1120 670 1204 etqui
685 1140 805 1185 omnem
821 1119 858 1183 de
873 1115 973 1181 Probo
989 1140 1139 1203 gramma·

91 1277 93 1281 .
109 1225 172 1289 tino
187 1224 398 1308 quaestionem
414 1224 502 1289 valde
517 1223 665 1288 incertam
681 1223 838 1286 redderet.
863 1218 1050 1305 Quamquam
1065 1221 1138 1287 illud

109 1346 233 1410 semper
260 1326 447 1404 tenendum,
477 1325 528 1388 ubi
558 1322 701 1388 Valerios
730 1319 850 1387 Probus
880 1321 1071 1399 nominetur,
1101 1322 1138 1388 ds

109 1425 241 1514 berytia
256 1427 441 1512 potissimum
458 1425 651 1511 cogitandum
668 1445 749 1489 esse.
782 1423 897 1490 Vernm
914 1447 980 1490 anm
996 1422 1090 1489 Probi
1105 1424 1138 1490 in

109 1530 202 1595 codd.
217 1527 391 1596 Pitboeano
406 1540 439 1597 et
455 1525 667 1615 sangallensis
689 1527 802 1590 nullum
817 1527 978 1611 vestigium
994 1526 1052 1607 sit,
1079 1548 1138 1594 neo

110 1630 203 1696 Valla
224 1631 396 1697 secuntias
420 1631 547 1704 doceat,
571 1631 651 1693 nndc
675 1629 733 1693 boe
755 1649 866 1694 nomen
890 1629 1025 1693 hauserit
1044 1636 1075 1708 ¹,
1107 1639 1140 1694 ct

109 1733 237 1798 omnino
259 1734 359 1798 minor
381 1746 453 1800 tnne
476 1733 621 1818 temporis
651 1730 684 1795 in
713 1730 820 1795 talibus
849 1730 1003 1814 diligentia
1033 1732 1136 1810 luerit,

110 1836 317 1901 coniecturam
332 1834 437 1902 licebit
450 1855 653 1921 expromere,
678 1853 755 1918 qnae
777 1835 908 1897 tortasse
930 1833 1009 1898 baud
1026 1834 1138 1920 impro-

108 1939 220 2004 babilis
243 1938 408 2003 videbitur.
445 1934 525 2003 Puto
549 1937 649 2014 enim,
672 1933 793 2000 Vallem
816 1955 901 1999 usum
925 1954 994 2000 osse
1017 1936 1137 2017 codiee,

110 2041 161 2124 qni
184 2049 335 2105 consueto
355 2061 440 2105 more
462 2049 585 2124 praeter
604 2036 781 2104 Iuvenalem
802 2038 893 2102 etiam
908 2035 1048 2102 Persium
1064 2059 1137 2102 oon·

109 2141 230 2206 timebat
250 2162 318 2207 enm
339 2140 461 2206 scholiis
483 2150 516 2206 et
534 2140 598 2205 rita
620 2140 658 2204 de
678 2140 895 2204 commentario
909 2138 1005 2205 Probi
1020 2137 1139 2207 Valerii

109 2243 251 2321 sublata,
272 2261 349 2328 quse
361 2242 391 2305 si
404 2242 532 2326 primum
545 2243 644 2307 locum
667 2241 843 2326 occupavit,
878 2241 975 2327 potuit
993 2242 1137 2327 perfacile

110 2346 170 2409 boe
194 2364 306 2409 nomen
327 2343 367 2408 ad
390 2343 507 2409 sobolis
528 2345 710 2409 transferre.
745 2343 869 2426 Aliquid
898 2343 1039 2429 ponderis
1070 2342 1138 2408 baio

111 2448 310 2512 coniecturae
331 2444 361 2510 id
385 2446 495 2523 addet,
520 2446 599 2530 quod
621 2444 708 2509 Valla
731 2465 840 2510 revera
863 2447 968 2511 codiee
988 2467 1060 2511 usus
1076 2458 1136 2524 est,

109 2551 161 2633 qni
185 2547 324 2634 vulgaria
348 2547 388 2612 ad
413 2545 553 2612 Persium
583 2547 698 2612 sobolis
728 2546 877 2624 babebat,
904 2558 975 2610 tunc
1006 2548 1138 2616 nondnut

110 2653 216 2730 edita,
240 2671 308 2715 nam
332 2649 534 2736 compluribus
556 2650 649 2730 lonis,
680 2649 728 2714 nbi
751 2646 852 2714 Persii
877 2649 971 2714 verba
993 2651 1080 2715 allert
1101 2669 1139 2715 ea

109 2755 214 2834 addit,
238 2773 315 2837 qnae
330 2753 363 2817 in
378 2749 508 2817 Cornuti
523 2750 646 2816 seboliis
661 2752 823 2835 leguntur,
841 2772 871 2816 e.
889 2773 920 2836 g.
937 2751 974 2813 ad
990 2748 1059 2815 luv.
1078 2749 1136 2830 Vl,

112 2853 175 2920 197
197 2856 286 2920 allent
298 2852 392 2920 Pers.
408 2851 436 2934 l,
451 2851 514 2919 20:
549 2850 626 2918 Cam
649 2855 789 2918 nemeina
811 2853 944 2919 lumbam
965 2855 1088 2917 alemant
1107 2863 1140 2918 et

110 2958 215 3023 addit:
240 2956 332 3022 stem
352 2962 431 3021 emm
446 2965 551 3020 tactas
564 2957 728 3020 mulierum
742 2966 844 3021 monet
860 2958 988 3037 tiammo,
1012 2959 1139 3020 itonam

111 3059 295 3145 effeminma
315 3082 379 3124 non
399 3060 534 3123 manum
556 3068 674 3132 monet,
697 3057 756 3122 aed
774 3061 904 3144 inguen.
938 3054 1086 3124 Similiter
1099 3057 1138 3122 ad

110 3160 182 3226 lnv.
200 3157 289 3239 Vnt,
308 3160 325 3225 l
342 3162 445 3227 laudat
458 3158 550 3225 Pers.
567 3156 625 3238 lll,
641 3158 703 3236 28,
720 3160 879 3244 additque:
903 3161 1051 3226 Romulos
1066 3162 1138 3224 item

111 3274 234 3327 veteres
247 3273 410 3328 stemmata
425 3263 590 3338 aaronem,
606 3283 683 3346 quoa
697 3260 844 3327 advocati
855 3265 888 3328 in
910 3266 979 3328 iare
989 3263 1135 3349 saor'amt,

111 3377 149 3430 at
163 3374 267 3451 puta.-
288 3367 345 3430 itte
356 3365 468 3451 fllia,
493 3365 545 3429 laio
560 3366 671 3442 abtim
693 3373 768 3427 eant
781 3369 881 3449 quiet
894 3368 1047 3431 rotundas
1062 3369 1139 3430 iraa-

110 3471 207 3555 gr'nee
228 3476 392 3532 steatomata
414 3467 481 3531 dici
493 3467 598 3531 octbr.
629 3463 705 3530 ltem
720 3466 759 3532 nd
774 3464 842 3532 luv.
861 3465 948 3548 Vlll,
961 3467 1003 3533 95
1018 3468 1139 3533 adhibet

110 3570 204 3636 Pers.
220 3565 279 3647 Ill,
295 3567 336 3634 31
358 3579 390 3634 ct
409 3567 565 3654 adiungit:
600 3567 732 3648 Quidam
747 3579 867 3653 patant
886 3570 1019 3636 Nattam
1030 3569 1139 3654 ficare

111 3674 266 3761 quendam
288 3671 508 3750 lamurt’oaam,
531 3677 589 3757 qui
596 3677 823 3760 pomoraniam
844 3693 934 3737 sumn
950 3671 1141 3759 prodegerat

112 3787 146 3842 et
172 3775 367 3840 nobilitatem
395 3774 475 3851 male
503 3776 630 3840 amando
649 3777 807 3861 funditus
835 3776 1011 3839 sustulerit.
1050 3772 1138 3857 Quae

110 3880 189 3944 satis
203 3876 334 3964 probant
348 3872 489 3941 Cornuto
504 3899 590 3942 nsum
606 3879 699 3944 tuisse
715 3876 845 3967 Vallam.

196 3979 341 4045 Nondum
357 3990 481 4065 peraeta
496 4000 548 4044 res
563 3990 622 4045 est.
651 3978 732 4044 Nam
756 3980 832 4044 baec
852 3980 949 4044 refert
963 3975 989 4040 l.
1006 3975 1140 4043 Parrba-

111 4084 176 4149 sins
199 4082 254 4165 (de
278 4080 370 4146 rebus
390 4102 446 4167 per
466 4082 623 4167 epistolam
645 4081 809 4164 quaesitis,
832 4101 880 4164 ep.
905 4077 936 4145 V
957 4092 980 4144 t.
997 4077 1013 4143 l
1028 4101 1058 4165 p.
1075 4076 1139 4143 735

115 4183 243 4251 Grntcri
258 4184 386 4269 lamp.):
409 4184 516 4250 Incidi
533 4186 566 4248 in
586 4182 716 4248 Prodi
731 4184 935 4270 grammatici
953 4189 1139 4245 commenta·

115 4375 126 4427 l
146 4373 176 4425 Si
194 4374 238 4442 qni
256 4380 394 4442 praeterea
411 4370 488 4424 Probi
507 4372 695 4436 meminerunt,
720 4378 751 4424 nt
768 4370 939 4423 blanoinellas
956 4372 989 4422 sd
1007 4369 1064 4424 lnv.
1082 4367 1137 4432 vn,

148 4443 208 4496 lll.
227 4441 395 4495 britannicos
412 4441 444 4493 ad
462 4439 495 4504 ll,
514 4440 559 4507 tt,
578 4441 676 4494 faciunt
693 4442 740 4493 boo
758 4440 859 4493 Vallum
877 4440 971 4493 secuti.
