2574 5054
1037 337 1047 352 Ο

461 731 826 800 ruotsuuusnt.
1088 760 1155 806 eurr

134 902 216 988 Quae
230 922 295 969 noa
308 902 400 969 nodo
412 902 507 985 ideo,
528 903 598 990 quia
617 904 724 972 iisdem
738 905 924 990 temporibus
938 879 1106 994 sumposita
1121 923 1154 976 et

131 1007 232 1074 similis
245 1007 280 1072 iu
293 1007 395 1074 multis
409 1018 540 1073 saturne
553 1019 643 1092 utque
659 1007 768 1074 iudolis
780 1020 869 1089 sunt,
886 1011 1064 1094 gravissimu
1079 1023 1153 1082 aunt

131 1121 160 1176 et
171 1110 334 1177 utilissima
355 1109 395 1175 ad
416 1109 558 1176 iudieiun
579 1111 617 1177 da
632 1109 741 1176 Persio
756 1112 945 1176 formandum
962 1113 1087 1199 eiusque
1102 1136 1152 1180 ss·

131 1211 200 1278 tiras
221 1211 438 1291 illustrandas,
462 1213 607 1280 sedeunt
628 1232 799 1279 sermonem
822 1214 971 1298 plebeium
987 1236 1029 1281 ex
1043 1217 1082 1282 iis
1097 1218 1152 1283 ali·

129 1325 275 1400 pestem
297 1325 382 1380 serto
403 1333 592 1401 eognoseare
613 1315 725 1393 deest,
754 1317 877 1381 omniuo
901 1318 1059 1403 permagni
1081 1330 1153 1383 suut

130 1418 280 1484 laeieuda.
310 1414 452 1484 Petronii
473 1418 651 1505 praesertim
671 1420 840 1504 fragmenta
862 1420 964 1496 ritae,
989 1431 1151 1486 cousuetu-

130 1520 205 1586 diais
225 1530 319 1604 atqua
340 1519 462 1605 linguae
484 1520 621 1607 plebeias
643 1521 832 1586 verissimam
856 1521 1017 1606 imaginem
1034 1522 1152 1606 plenam

130 1621 341 1688 delectationis
355 1621 444 1688 nobis
459 1623 618 1703 exhibent,
634 1634 666 1690 et
680 1624 711 1687 iu
726 1621 993 1690 litterisllomaois
1009 1623 1152 1689 eximium

129 1724 224 1792 loeas·
250 1724 310 1790 siti
334 1724 503 1792 vindicent.
533 1724 573 1790 lli
600 1727 702 1811 itaqua
729 1727 916 1814 scriptores,
940 1737 1152 1812 praeterquam

130 1827 205 1914 prod
226 1827 261 1893 iu
283 1827 411 1914 singulis
433 1849 525 1914 saepe
544 1849 612 1895 eum
635 1830 673 1894 iis
695 1830 909 1909 consentiunt,
933 1848 1009 1913 quae
1023 1825 1152 1894 Persius

130 1931 284 2009 adhibuit,
317 1948 414 2015 eaque
440 1932 541 2017 populi
565 1952 623 1998 usu
652 1933 723 1996 trita
746 1931 861 2012 luisse,
891 1933 1087 2010 confirmant,
1118 1931 1151 1997 in

131 2034 305 2101 uuiversum
320 2048 384 2100 'nos
403 2034 519 2101 seruus
540 2032 641 2121 paullo
662 2035 701 2100 de
721 2034 760 2101 iis
780 2035 914 2100 inclinare
929 2033 1051 2114 sinunt,
1074 2055 1152 2119 quae

131 2139 206 2204 iane
220 2136 398 2226 popularem
413 2147 551 2202 naturam
566 2156 639 2223 praa
653 2158 688 2203 se
704 2139 817 2202 lerunt.
851 2137 901 2203 Ad
927 2137 997 2202 talia
1021 2137 1151 2204 releram

131 2242 261 2307 Mtte
276 2260 331 2328 pro
345 2238 505 2325 exspirare
520 2236 578 2322 (ΙΙ,
595 2237 668 2318 10),
691 2242 810 2306 erstem
824 2251 974 2307 excutere
990 2241 1027 2304 de
1044 2241 1151 2306 timore

131 2341 200 2432 (ΙΙΙ,
219 2341 322 2426 115),
345 2341 433 2406 homo
456 2350 585 2408 norim
601 2343 734 2428 ferinae
754 2341 810 2427 (V,
830 2342 925 2425 115),
949 2353 1084 2429 sartago
1108 2345 1152 2407 Io·

132 2447 247 2536 prendi
273 2443 316 2530 (Ι,
332 2445 414 2529 81)),
442 2465 566 2532 perpera
593 2456 627 2511 et
654 2445 768 2510 lallare
796 2443 869 2532 (ΙΙΙ,
887 2445 929 2511 17
943 2445 1025 2532 sep),
1058 2467 1153 2532 ospes·

132 2571 272 2615 sarm
286 2545 359 2632 (ΙΙΙ,
376 2545 452 2636 ott),
476 2559 508 2613 et
528 2569 605 2632 quse
624 2546 726 2633 paullo
740 2549 880 2635 pinguius
895 2549 972 2613 dieta
987 2559 1078 2626 suut,
1100 2569 1153 2613 ro-

133 2654 220 2720 lusti
238 2653 388 2719 emund
409 2650 491 2737 offas
512 2653 661 2739 ingerere
691 2649 748 2730 (V,
766 2648 821 2735 5),
854 2662 886 2716 et
906 2652 984 2736 quod
1007 2651 1152 2737 Iuppiter

132 2755 258 2822 indam
273 2753 444 2820 vellendam
453 2754 609 2840 possedere
624 2755 733 2819 dieitur
747 2750 805 2839 (ΙΙ,
820 2752 895 2835 28),
918 2757 1031 2818 sonmo
1044 2755 1153 2818 littora

133 2858 169 2925 de
187 2861 294 2924 &aine
312 2878 428 2923 sonere
448 2854 490 2938 (Ι,
509 2852 596 2940 1⁰9).
640 2852 796 2921 Plebsium
819 2876 990 2921 sermonem
1019 2856 1153 2921 imitatus

134 2983 189 3028 nee
204 2961 242 3027 ab
258 2960 421 3027 obscoenis
435 2959 588 3040 abstinet,
611 2978 708 3044 neque
729 2960 826 3024 solum
848 2958 964 3025 duobus
979 2959 1045 3024 istis
1060 2959 1151 3038 loeis,

134 3064 170 3130 uls
194 3084 329 3130 crassam
355 3064 501 3149 simisque
522 3063 633 3129 nudam
661 3062 898 3127 obscoenitatem
926 3062 1051 3127 famosis
1080 3057 1154 3142 (ΙΙΙ,

134 3167 173 3234 35
188 3191 255 3254 sqq.
273 3165 330 3248 Vl,
347 3168 390 3235 72
404 3167 507 3250 sup),
530 3163 709 3251 praesertim
725 3185 811 3229 vooe.
826 3166 1006 3250 gurgulio,
1030 3165 1156 3247 sairgul·

135 3273 212 3350 tire,
237 3282 271 3335 et
285 3270 391 3335 audaei
406 3270 457 3334 illo
472 3266 622 3355 quiequid
635 3269 667 3332 in
677 3289 789 3354 porram
803 3269 906 3342 venit,
924 3267 1057 3353 plebeias
1073 3269 1156 3330 lure-

134 3373 190 3439 tias
206 3374 374 3458 expressit,
391 3372 443 3436 sed
458 3372 490 3436 iu
505 3371 600 3456 prima
613 3391 730 3455 quoque
743 3369 849 3450 satira,
867 3390 1040 3452 quemquam
1057 3367 1157 3453 paullo

136 3476 323 3554 nodestius,
338 3473 478 3540 similiter
492 3483 593 3538 tamen
607 3474 727 3538 loeutus
743 3482 791 3538 est
806 3480 849 3549 (v.
863 3469 936 3537 102.
956 3469 1017 3537 112
1028 3493 1094 3555 sqq.
1098 3472 1128 3553 ).

216 3613 320 3698 Atque
333 3609 408 3676 lause
424 3610 563 3697 exempla
577 3609 727 3675 sufficiant
740 3609 778 3675 ad
794 3607 1060 3675 demonstrandum
1076 3604 1157 3670 illam

137 3715 302 3782 Persianae
323 3711 436 3779 satirae
460 3733 524 3777 rum
541 3713 638 3779 mimis
653 3711 919 3788 coniunctionem,
943 3710 1062 3794 qnando
1085 3708 1158 3773 talia

138 3820 241 3886 roelios
264 3818 302 3883 ab
325 3836 362 3881 eo
382 3815 509 3894 sentiri,
539 3817 589 3901 qui
610 3816 718 3881 librum
740 3825 858 3880 attento
887 3813 988 3877 animo
1016 3810 1157 3896 perlegit,

140 3942 220 4007 quam
236 3919 364 4006 siugulis
379 3919 527 4004 exemplis
544 3919 647 3985 doceri
663 3928 801 4005 possunt.
834 3913 936 3982 Unum
958 3914 1057 3990 addo,
1082 3910 1159 3977 Per-

141 4025 213 4090 siaui
228 4022 340 4106 dialogi
355 4020 525 4102 rationem,
549 4040 626 4107 quae
647 4041 739 4107 saepe
761 4019 889 4084 obseura
907 4018 1045 4095 videtur,
1070 4015 1159 4081 laeile

143 4126 284 4214 explicari
299 4145 410 4211 posse,
433 4125 460 4190 si
478 4124 614 4209 rogites,
638 4123 747 4189 satiras
763 4142 781 4186 a
795 4122 874 4188 seito
897 4119 1023 4205 quodam
1046 4118 1161 4183 lectore

143 4241 206 4314 apta
225 4229 313 4295 noeis
333 4226 539 4292 modulatione
561 4238 592 4292 et
615 4237 703 4311 gestu
729 4225 871 4304 recitari,
900 4243 959 4307 quo
989 4222 1086 4286 omnis
1109 4220 1161 4284 illa

145 4334 305 4398 obscuritas
329 4331 498 4397 evanescit.
536 4328 641 4415 ltaque
664 4330 720 4396 hae
741 4329 773 4392 iu
797 4349 832 4393 re
855 4345 972 4411 quoque
994 4326 1031 4389 ad
1054 4324 1162 4388 mimos

146 4435 269 4500 aceedit.
308 4432 386 4500 Illud
408 4436 489 4503 euim
512 4456 574 4500 uou
598 4444 699 4517 potest
718 4430 842 4516 negari,
867 4427 1005 4494 Persium
1031 4423 1162 4488 omniurn
