2574 5054
452 729 819 820 rnocscourra
998 720 1002 724 ’
1066 774 1146 825 acm

117 932 298 1010 rideantur,
322 941 372 995 est
393 927 513 1014 quidem
535 927 611 992 baec
634 947 686 992 res
706 925 795 991 valdo
812 922 920 1004 dubia,
943 925 1148 991 vernminter

117 1054 171 1113 ca,
201 1053 280 1117 quac
304 1028 444 1096 Cornuto
466 1030 550 1095 nullo
571 1028 662 1093 modo
683 1028 814 1092 adscribi
843 1047 933 1113 posse
961 1029 1143 1106 monuimus,

118 1135 405 1200 animadvertuntur
419 1133 584 1218 quaedam,
609 1151 685 1215 quac
701 1131 739 1194 ad
753 1127 887 1193 Probum
906 1120 1060 1196 auctorem
1075 1151 1147 1217 pro·-

118 1237 260 1302 babilitcr
280 1235 392 1300 rclcrri
414 1243 552 1321 possunt.
583 1229 669 1296 lutor
690 1230 764 1298 baec
786 1252 912 1297 numero
935 1254 990 1311 ea,
1015 1254 1091 1317 quac
1108 1234 1145 1298 dc

117 1335 262 1404 Macrino
289 1337 343 1421 (ad
358 1333 401 1418 ll,
418 1336 473 1423 1),
504 1332 617 1400 Caesio
639 1331 738 1399 Basso
760 1331 833 1419 (Vl,
852 1331 884 1417 1)
906 1341 937 1412 ¹,
972 1336 1009 1400 dc
1037 1333 1147 1401 Fulvia

117 1437 264 1504 Sisennia
285 1451 355 1525 post
373 1439 539 1506 secundum
561 1436 784 1501 matrimonium
799 1438 831 1501 in
848 1435 974 1524 Liguria
990 1437 1145 1504 habitante

115 1540 171 1617 (ad
186 1538 245 1619 vl,
261 1536 298 1624 6)
312 1553 496 1620 mutuantur,
520 1559 597 1624 quac
619 1539 657 1603 nd
679 1538 829 1605 neminem
845 1543 943 1626 aptius
958 1543 1143 1620 referentur,

117 1663 207 1729 qnam
229 1642 268 1707 ad
289 1644 371 1710 ritae
392 1654 562 1708 auctorem.
592 1638 674 1705 Tum
697 1662 773 1725 qnae
790 1641 827 1706 de
845 1643 983 1731 Glycone
999 1642 1145 1729 tragoedo

117 1736 356 1828 traduntur*(ad
371 1743 413 1823 V,
428 1745 466 1831 9)
487 1767 548 1810 uon
570 1757 735 1829 potuerunt
760 1749 820 1812 nisi
848 1746 886 1833 ab
915 1766 952 1809 co
981 1745 1144 1830 proficisci,

117 1847 169 1931 qui
192 1848 223 1912 ei
244 1845 338 1911 aetati
358 1848 516 1931 proximus
537 1849 613 1926 luit,
637 1860 669 1913 et
691 1868 768 1932 quae
784 1848 820 1914 de
836 1846 946 1930 Licino
962 1845 1014 1932 (ad
1029 1842 1072 1926 ll,
1087 1841 1144 1931 36)

117 1960 208 2031 atque
232 1945 377 2013 Messalla
399 1947 455 2031 (ad
469 1945 511 2025 ΙΙ,
528 1950 587 2034 72)
610 1950 799 2036 produntur,
822 1970 999 2033 quamquam
1022 1969 1085 2012 nou
1098 1948 1146 2011 in·

118 2061 205 2134 tegra
220 2061 414 2130 manserunt,
431 2060 534 2115 tomen
548 2062 711 2118 accuratae
727 2052 883 2116 doctrinae
898 2049 1029 2134 vestigia
1042 2058 1146 2132 aperte

116 2160 309 2230 nonstrant,
334 2171 412 2234 quae
434 2164 583 2237 apparent
603 2154 694 2219 etiam
717 2154 749 2216 in
769 2153 857 2218 brevi
879 2152 931 2217 illa
946 2151 1144 2216 annotatione

118 2254 171 2334 (ad
193 2250 222 2334 1,
245 2251 322 2335 85)s
357 2253 475 2319 Pedaia
504 2255 629 2341 puidma
658 2257 714 2319 illc
743 2265 880 2340 tempore
912 2253 1077 2317 damnatus
1099 2262 1148 2316 cst

110 2357 321 2443 pecunimrm
335 2355 596 2442 rcpctrmdarum,
613 2358 691 2440 quod
709 2378 770 2421 nou
786 2376 828 2420 ex
841 2353 942 2419 Persii
957 2354 1059 2420 verbis
1074 2355 1146 2438 fingi

117 2458 234 2543 potnit,
259 2468 292 2521 ut
307 2479 362 2536 ea,
386 2480 464 2543 qnae
479 2459 581 2524 statim
597 2471 784 2545 sequuntur,
800 2459 856 2523 sed
871 2468 1024 2522 servatum
1040 2467 1145 2542 aperte

118 2571 168 2623 cst
183 2580 227 2623 ex
242 2558 332 2623 docto
348 2559 486 2639 scholio,
510 2561 588 2645 quod
610 2561 783 2626 accuratius
800 2560 837 2625 de
852 2557 948 2623 Pedio
964 2557 1076 2623 Blaeso
1092 2558 1146 2622 do·

119 2672 237 2724 encrat.
280 2658 368 2745 Quae
391 2663 428 2728 de
449 2661 579 2728 Nerone
602 2663 735 2747 pluribus
758 2663 834 2726 locis
858 2662 1017 2726 traduntur
1039 2660 1145 2746 partim

119 2763 238 2845 quidem
261 2763 362 2849 inepta
385 2776 457 2829 sunt
480 2761 623 2844 (adl,4.
643 2763 829 2848 1211128),
854 2765 960 2848 parlim
984 2783 1059 2827 vera
1075 2784 1144 2827 esse

118 2865 262 2929 videntur
283 2876 338 2929 ant
359 2877 487 2952 possunt
501 2876 585 2931 certe
608 2866 660 2952 (ad
677 2865 704 2946 l,
721 2866 774 2933 29.
791 2864 845 2930 93.
867 2865 962 2944 121),
987 2885 1022 2928 ea
1047 2874 1145 2929 autem

119 2967 157 3031 ad
182 2962 339 3032 Valerium
359 2965 495 3032 Probum
517 2969 636 3032 referre
659 2969 730 3033 nolo
753 2970 785 3032 iu
808 2991 841 3034 re
864 2969 951 3034 raldo
972 2968 1144 3047 decertatur

117 3089 296 3155 quamquam
319 3088 377 3154 ego
399 3070 430 3133 in
454 3089 490 3133 ca
512 3071 765 3150 sententiarum,
789 3090 859 3135 csse
875 3071 1036 3153 antiquitus
1052 3069 1146 3134 tradi·

118 3181 202 3249 lum,
228 3168 387 3237 Neronem
410 3193 428 3236 a
449 3168 559 3236 Persio
580 3172 709 3257 respici,
733 3184 839 3257 postea
856 3184 957 3237 autem
972 3175 1074 3258 inepto
1089 3193 1145 3237 ex·

119 3273 276 3357 plicatum.
314 3269 393 3337 Cum
416 3294 471 3352 ca,
509 3293 585 3356 quae
606 3275 695 3337 modo
712 3276 874 3361 proposui,
898 3275 1094 3361 probabiliter
1107 3275 1145 3338 ad

116 3372 254 3437 Probum
275 3376 386 3441 relerri
407 3376 589 3454 videantur,
620 3377 752 3439 luctasse
775 3396 811 3440 ea
840 3397 977 3460 quoquc,
1007 3398 1085 3461 quae
1108 3378 1145 3441 da

116 3475 286 3540 imitatione
308 3473 419 3541 Lucilii
441 3476 494 3562 (ad
509 3474 536 3557 Ι,
553 3478 585 3542 2.
602 3475 656 3540 27.
679 3474 737 3555 Ill,
755 3477 812 3560 1),
846 3476 1010 3544 Menandri
1033 3481 1086 3556 (ad
1104 3477 1144 3557 V,

119 3575 218 3662 161),
241 3578 279 3642 dc
300 3577 403 3643 Ennio
427 3579 479 3658 (ad
495 3600 541 3663 pr.
558 3578 591 3644 2.
617 3577 676 3659 Vl,
695 3577 750 3664 10)
772 3590 955 3658 monentur,
978 3580 1015 3645 ab
1038 3580 1146 3645 eodem

116 3690 246 3744 anctore
260 3682 398 3764 prolecta
413 3692 496 3745 suut.
520 3678 564 3744 Et
577 3693 648 3745 sunt
663 3682 739 3761 alia,
760 3702 836 3765 quac
852 3683 987 3766 quamvis
1004 3692 1146 3766 corrupta

116 3781 229 3868 partim
246 3792 277 3846 et
290 3784 402 3847 misere
417 3792 555 3868 turpatn,
571 3782 603 3847 in
620 3782 749 3848 Graccis
764 3784 854 3848 etiam
869 3797 971 3849 tamen
987 3784 1145 3849 doctrinae

116 3904 213 3948 sanae
235 3884 367 3969 speciem
388 3886 535 3972 quandam
558 3896 721 3950 servarunt
740 3883 843 3951 Probo
868 3889 999 3951 luctasse
1022 3906 1084 3949 non
1099 3886 1147 3950 in·

118 4057 129 4109 l
152 4053 225 4121 Quod
244 4055 281 4105 ibi
299 4056 412 4116 dicitnr,
432 4055 523 4107 lamam
542 4055 622 4106 luisse
640 4055 759 4107 Gaeslum
778 4058 885 4109 Bassum
903 4073 961 4109 cum
980 4059 1043 4109 villa
1061 4064 1147 4110 nslnnr

152 4139 228 4186 erac,
253 4139 302 4174 non
321 4141 351 4175 co
369 4123 457 4175 ralcrc
476 4132 552 4189 puto,
580 4132 609 4175 nt
634 4125 741 4190 probet,
766 4142 822 4177 cnm
850 4127 892 4193 qui
912 4127 975 4178 baec
999 4127 1146 4187 tradiderit,

153 4209 203 4244 noa
217 4194 316 4243 vixisse
329 4194 416 4243 endem
430 4200 552 4259 tempore.
578 4194 685 4245 Scilicet
703 4209 751 4244 oon
771 4195 939 4246 dubitabatur
957 4197 1017 4261 quin
1038 4196 1146 4247 Caesius

152 4271 217 4313 tnnc
236 4270 353 4313 mortuns
375 4263 426 4323 sit,
453 4262 496 4313 sed
520 4263 551 4312 dc
577 4263 666 4314 mortis
689 4279 802 4328 genere,
833 4271 859 4314 ct
879 4272 1018 4330 potuerunt
1037 4281 1098 4315 sanc
1117 4267 1148 4317 de

152 4347 183 4383 co
203 4335 228 4381 ln
247 4332 295 4381 lali
320 4330 469 4383 calamitate
492 4332 559 4382 varii
577 4347 693 4382 rumores
712 4331 788 4383 lacilo
808 4335 888 4382 nasci.
926 4333 953 4382 Si
973 4341 1058 4382 autern
1078 4341 1148 4383 recta

152 4401 218 4452 baec
246 4400 452 4465 disputavimus,
484 4400 576 4466 probat
607 4401 648 4451 bic
680 4401 768 4467 locus,
800 4401 931 4453 b'alorium
959 4400 1068 4454 Probum
1091 4409 1148 4470 post

152 4468 244 4523 Titum
263 4468 341 4521 etiam
359 4469 466 4520 vixisse.
