<?xml version="1.0" encoding="UTF-8"?>
<!DOCTYPE html PUBLIC "-//W3C//DTD XHTML 1.0 Transitional//EN"
    "http://www.w3.org/TR/xhtml1/DTD/xhtml1-transitional.dtd">
<html xmlns="http://www.w3.org/1999/xhtml" xml:lang="en" lang="en">
 <head>
  <title>
</title>
<meta http-equiv="Content-Type" content="text/html;charset=utf-8" />
  <meta name='ocr-system' content='tesseract 3.04.00' />
  <meta name='ocr-capabilities' content='ocr_page ocr_carea ocr_par ocr_line ocrx_word'/>
</head>
<body>
  <div class='ocr_page' id='page_1' title='image "./satirarumliberc00jahngoog_0097.png"; bbox 0 0 2574 5054; ppageno 0'>
   <div class='ocr_carea' id='block_1_1' title="bbox 69 39 1284 325">
    <p class='ocr_par' dir='ltr' id='par_1_1' title="bbox 69 39 1284 325">
     <span class='ocr_line' id='line_1_1' title="bbox 69 39 1284 325; baseline -0.015 -10"><span class='ocrx_word' id='word_1_1' title='bbox 69 39 1284 325; x_wconf 88' lang='lat'><strong>—</strong></span> 
     </span>
    </p>
   </div>
   <div class='ocr_carea' id='block_1_2' title="bbox 204 734 890 804">
    <p class='ocr_par' dir='ltr' id='par_1_2' title="bbox 204 734 890 804">
     <span class='ocr_line' id='line_1_2' title="bbox 204 734 890 804; baseline -0.006 -1"><span class='ocrx_word' id='word_1_2' title='bbox 204 761 289 803; x_wconf 80' lang='lat' dir='ltr'><strong>nxxx</strong></span> <span class='ocrx_word' id='word_1_3' title='bbox 518 734 890 804; x_wconf 52' lang='lat' dir='ltr'><strong>euonneonnNA.</strong></span> 
     </span>
    </p>
   </div>
   <div class='ocr_carea' id='block_1_3' title="bbox 205 901 1241 3860">
    <p class='ocr_par' dir='ltr' id='par_1_3' title="bbox 205 901 1241 3860">
     <span class='ocr_line' id='line_1_3' title="bbox 205 901 1231 993; baseline -0.005 -19"><span class='ocrx_word' id='word_1_4' title='bbox 205 909 338 989; x_wconf 83' lang='lat' dir='ltr'><strong>iudicet,</strong></span> <span class='ocrx_word' id='word_1_5' title='bbox 363 918 504 993; x_wconf 64' lang='lat' dir='ltr'><strong>mentum</strong></span> <span class='ocrx_word' id='word_1_6' title='bbox 528 907 620 972; x_wconf 82' lang='lat' dir='ltr'><strong>enimi</strong></span> <span class='ocrx_word' id='word_1_7' title='bbox 641 918 732 992; x_wconf 75' lang='lat' dir='ltr'><strong>nique</strong></span> <span class='ocrx_word' id='word_1_8' title='bbox 753 905 901 972; x_wconf 68' lang='lat' dir='ltr'><strong>liberulis</strong></span> <span class='ocrx_word' id='word_1_9' title='bbox 920 902 1066 987; x_wconf 77' lang='lat' dir='ltr'>Persius,</span> <span class='ocrx_word' id='word_1_10' title='bbox 1097 901 1231 971; x_wconf 66' lang='lat' dir='ltr'><strong>Cornuti</strong></span> 
     </span>
     <span class='ocr_line' id='line_1_4' title="bbox 206 1007 1231 1095; baseline -0.007 -17"><span class='ocrx_word' id='word_1_11' title='bbox 206 1023 238 1078; x_wconf 81' lang='lat' dir='ltr'><strong>et</strong></span> <span class='ocrx_word' id='word_1_12' title='bbox 257 1008 348 1076; x_wconf 77' lang='lat' dir='ltr'><strong>Paeti</strong></span> <span class='ocrx_word' id='word_1_13' title='bbox 370 1010 528 1076; x_wconf 77' lang='lat' dir='ltr'><strong>Thraseae</strong></span> <span class='ocrx_word' id='word_1_14' title='bbox 548 1011 704 1092; x_wconf 77' lang='lat' dir='ltr'><strong>alumnus,</strong></span> <span class='ocrx_word' id='word_1_15' title='bbox 729 1011 813 1095; x_wconf 87' lang='lat' dir='ltr'><strong>isque</strong></span> <span class='ocrx_word' id='word_1_16' title='bbox 835 1008 953 1074; x_wconf 88' lang='lat' dir='ltr'><strong>iuvenis</strong></span> <span class='ocrx_word' id='word_1_17' title='bbox 979 1007 1037 1074; x_wconf 90' lang='lat' dir='ltr'><strong>sibi</strong></span> <span class='ocrx_word' id='word_1_18' title='bbox 1062 1010 1231 1075; x_wconf 74' lang='lat' dir='ltr'><strong>sumserit?</strong></span> 
     </span>
     <span class='ocr_line' id='line_1_5' title="bbox 206 1111 1226 1197; baseline -0.001 -20"><span class='ocrx_word' id='word_1_19' title='bbox 206 1112 392 1178; x_wconf 76' lang='lat' dir='ltr'><strong>Praesertim</strong></span> <span class='ocrx_word' id='word_1_20' title='bbox 408 1134 474 1177; x_wconf 89' lang='lat' dir='ltr'><strong>eum</strong></span> <span class='ocrx_word' id='word_1_21' title='bbox 489 1114 678 1191; x_wconf 82' lang='lat' dir='ltr'><strong>nesciemus,</strong></span> <span class='ocrx_word' id='word_1_22' title='bbox 699 1122 799 1177; x_wconf 77' lang='lat' dir='ltr'><strong>utrum</strong></span> <span class='ocrx_word' id='word_1_23' title='bbox 813 1112 921 1197; x_wconf 78' lang='lat' dir='ltr'><strong>publici</strong></span> <span class='ocrx_word' id='word_1_24' title='bbox 937 1111 1010 1177; x_wconf 89' lang='lat' dir='ltr'><strong>iuris</strong></span> <span class='ocrx_word' id='word_1_25' title='bbox 1024 1112 1146 1177; x_wconf 75' lang='lat' dir='ltr'><strong>satiram</strong></span> <span class='ocrx_word' id='word_1_26' title='bbox 1162 1123 1226 1176; x_wconf 76' lang='lat' dir='ltr'><strong>ste·</strong></span> 
     </span>
     <span class='ocr_line' id='line_1_6' title="bbox 206 1214 1228 1298; baseline -0.004 -17"><span class='ocrx_word' id='word_1_27' title='bbox 206 1215 260 1282; x_wconf 82' lang='lat' dir='ltr'><strong>tini</strong></span> <span class='ocrx_word' id='word_1_28' title='bbox 288 1217 391 1280; x_wconf 83' lang='lat' dir='ltr'><strong>faeere</strong></span> <span class='ocrx_word' id='word_1_29' title='bbox 420 1215 615 1280; x_wconf 73' lang='lat' dir='ltr'><strong>constituerit</strong></span> <span class='ocrx_word' id='word_1_30' title='bbox 634 1234 751 1280; x_wconf 83' lang='lat' dir='ltr'><strong>neone:</strong></span> <span class='ocrx_word' id='word_1_31' title='bbox 782 1236 852 1279; x_wconf 86' lang='lat' dir='ltr'><strong>nem</strong></span> <span class='ocrx_word' id='word_1_32' title='bbox 882 1215 959 1298; x_wconf 83' lang='lat' dir='ltr'><strong>quod</strong></span> <span class='ocrx_word' id='word_1_33' title='bbox 984 1232 1049 1278; x_wconf 81' lang='lat' dir='ltr'><strong>eam</strong></span> <span class='ocrx_word' id='word_1_34' title='bbox 1071 1214 1228 1291; x_wconf 78' lang='lat' dir='ltr'><strong>recitavit,</strong></span> 
     </span>
     <span class='ocr_line' id='line_1_7' title="bbox 208 1315 1230 1399; baseline -0.003 -17"><span class='ocrx_word' id='word_1_35' title='bbox 208 1319 238 1383; x_wconf 86' lang='lat' dir='ltr'><strong>id</strong></span> <span class='ocrx_word' id='word_1_36' title='bbox 262 1319 345 1383; x_wconf 73' lang='lat' dir='ltr'><strong>inter</strong></span> <span class='ocrx_word' id='word_1_37' title='bbox 365 1316 478 1382; x_wconf 80' lang='lat' dir='ltr'><strong>amieos</strong></span> <span class='ocrx_word' id='word_1_38' title='bbox 502 1337 570 1381; x_wconf 93' lang='lat' dir='ltr'><strong>eum</strong></span> <span class='ocrx_word' id='word_1_39' title='bbox 590 1318 701 1382; x_wconf 78' lang='lat' dir='ltr'><strong>fecisse</strong></span> <span class='ocrx_word' id='word_1_40' title='bbox 722 1317 885 1382; x_wconf 88' lang='lat' dir='ltr'><strong>verisimile</strong></span> <span class='ocrx_word' id='word_1_41' title='bbox 909 1327 968 1382; x_wconf 79' lang='lat' dir='ltr'><strong>esi.</strong></span> <span class='ocrx_word' id='word_1_42' title='bbox 1011 1316 1119 1394; x_wconf 75' lang='lat' dir='ltr'><strong>Auno,</strong></span> <span class='ocrx_word' id='word_1_43' title='bbox 1149 1315 1230 1399; x_wconf 85' lang='lat' dir='ltr'><strong>quod</strong></span> 
     </span>
     <span class='ocr_line' id='line_1_8' title="bbox 208 1418 1232 1508; baseline -0.006 -21"><span class='ocrx_word' id='word_1_44' title='bbox 208 1432 388 1508; x_wconf 79' lang='lat' dir='ltr'><strong>praeterea,</strong></span> <span class='ocrx_word' id='word_1_45' title='bbox 417 1430 448 1483; x_wconf 76' lang='lat' dir='ltr'><strong>ui</strong></span> <span class='ocrx_word' id='word_1_46' title='bbox 470 1419 615 1495; x_wconf 85' lang='lat' dir='ltr'><strong>vidimus,</strong></span> <span class='ocrx_word' id='word_1_47' title='bbox 646 1418 740 1484; x_wconf 77' lang='lat' dir='ltr'><strong>multa</strong></span> <span class='ocrx_word' id='word_1_48' title='bbox 768 1418 864 1484; x_wconf 86' lang='lat' dir='ltr'><strong>libere</strong></span> <span class='ocrx_word' id='word_1_49' title='bbox 895 1419 1031 1500; x_wconf 76' lang='lat' dir='ltr'><strong>notovit,</strong></span> <span class='ocrx_word' id='word_1_50' title='bbox 1062 1439 1138 1503; x_wconf 76' lang='lat' dir='ltr'><strong>quae</strong></span> <span class='ocrx_word' id='word_1_51' title='bbox 1169 1439 1232 1482; x_wconf 94' lang='lat' dir='ltr'><strong>non</strong></span> 
     </span>
     <span class='ocr_line' id='line_1_9' title="bbox 208 1519 1229 1609; baseline -0.003 -21"><span class='ocrx_word' id='word_1_52' title='bbox 208 1533 372 1609; x_wconf 81' lang='lat' dir='ltr'><strong>potuerunt</strong></span> <span class='ocrx_word' id='word_1_53' title='bbox 393 1543 454 1586; x_wconf 95' lang='lat' dir='ltr'><strong>non</strong></span> <span class='ocrx_word' id='word_1_54' title='bbox 478 1521 516 1586; x_wconf 84' lang='lat' dir='ltr'><strong>ud</strong></span> <span class='ocrx_word' id='word_1_55' title='bbox 538 1519 697 1587; x_wconf 83' lang='lat' dir='ltr'><strong>Neronem</strong></span> <span class='ocrx_word' id='word_1_56' title='bbox 715 1520 845 1600; x_wconf 82' lang='lat' dir='ltr'><strong>referri,</strong></span> <span class='ocrx_word' id='word_1_57' title='bbox 873 1532 963 1606; x_wconf 75' lang='lat' dir='ltr'><strong>etque</strong></span> <span class='ocrx_word' id='word_1_58' title='bbox 976 1522 1131 1587; x_wconf 74' lang='lat' dir='ltr'><strong>eudociam</strong></span> <span class='ocrx_word' id='word_1_59' title='bbox 1147 1521 1229 1585; x_wconf 83' lang='lat' dir='ltr'><strong>illam</strong></span> 
     </span>
     <span class='ocr_line' id='line_1_10' title="bbox 208 1623 1231 1707; baseline -0.007 -13"><span class='ocrx_word' id='word_1_60' title='bbox 208 1627 283 1694; x_wconf 78' lang='lat' dir='ltr'><strong>satis</strong></span> <span class='ocrx_word' id='word_1_61' title='bbox 299 1626 357 1691; x_wconf 82' lang='lat' dir='ltr'><strong>ium</strong></span> <span class='ocrx_word' id='word_1_62' title='bbox 373 1635 536 1689; x_wconf 78' lang='lat' dir='ltr'><strong>testentur.</strong></span> <span class='ocrx_word' id='word_1_63' title='bbox 560 1623 640 1687; x_wconf 86' lang='lat' dir='ltr'><strong>Tum</strong></span> <span class='ocrx_word' id='word_1_64' title='bbox 655 1623 726 1688; x_wconf 90' lang='lat' dir='ltr'><strong>illud</strong></span> <span class='ocrx_word' id='word_1_65' title='bbox 744 1643 860 1707; x_wconf 88' lang='lat' dir='ltr'><strong>quoque</strong></span> <span class='ocrx_word' id='word_1_66' title='bbox 875 1624 1016 1703; x_wconf 73' lang='lat' dir='ltr'><strong>affertur,</strong></span> <span class='ocrx_word' id='word_1_67' title='bbox 1033 1623 1059 1689; x_wconf 89' lang='lat' dir='ltr'><strong>si</strong></span> <span class='ocrx_word' id='word_1_68' title='bbox 1074 1623 1107 1688; x_wconf 87' lang='lat' dir='ltr'><strong>hi</strong></span> <span class='ocrx_word' id='word_1_69' title='bbox 1120 1643 1231 1688; x_wconf 88' lang='lat' dir='ltr'><strong>versus</strong></span> 
     </span>
     <span class='ocr_line' id='line_1_11' title="bbox 209 1723 1233 1803; baseline -0.003 -10"><span class='ocrx_word' id='word_1_70' title='bbox 209 1727 345 1793; x_wconf 90' lang='lat' dir='ltr'><strong>Neronis</strong></span> <span class='ocrx_word' id='word_1_71' title='bbox 366 1737 490 1803; x_wconf 76' lang='lat' dir='ltr'><strong>esseni,</strong></span> <span class='ocrx_word' id='word_1_72' title='bbox 514 1726 625 1789; x_wconf 79' lang='lat' dir='ltr'><strong>nuliam</strong></span> <span class='ocrx_word' id='word_1_73' title='bbox 649 1725 743 1790; x_wconf 82' lang='lat' dir='ltr'><strong>fuisse</strong></span> <span class='ocrx_word' id='word_1_74' title='bbox 766 1745 905 1803; x_wconf 82' lang='lat' dir='ltr'><strong>oensem,</strong></span> <span class='ocrx_word' id='word_1_75' title='bbox 929 1748 984 1791; x_wconf 87' lang='lat' dir='ltr'><strong>eur</strong></span> <span class='ocrx_word' id='word_1_76' title='bbox 1003 1723 1159 1791; x_wconf 78' lang='lat' dir='ltr'><strong>Cornutus</strong></span> <span class='ocrx_word' id='word_1_77' title='bbox 1180 1726 1233 1790; x_wconf 77' lang='lat' dir='ltr'><strong>ille</strong></span> 
     </span>
     <span class='ocr_line' id='line_1_12' title="bbox 209 1825 1232 1899; baseline -0.009 -1"><span class='ocrx_word' id='word_1_78' title='bbox 209 1831 324 1899; x_wconf 71' lang='lat' dir='ltr'><strong>verbus</strong></span> <span class='ocrx_word' id='word_1_79' title='bbox 354 1825 532 1892; x_wconf 81' lang='lat' dir='ltr'><strong>Auriculos</strong></span> <span class='ocrx_word' id='word_1_80' title='bbox 558 1828 644 1891; x_wconf 77' lang='lat' dir='ltr'><strong>ooe&#39;oi</strong></span> <span class='ocrx_word' id='word_1_81' title='bbox 667 1826 760 1892; x_wconf 83' lang='lat' dir='ltr'><strong>Mida</strong></span> <span class='ocrx_word' id='word_1_82' title='bbox 784 1849 847 1892; x_wconf 77' lang='lat' dir='ltr'><strong>reo·</strong></span> <span class='ocrx_word' id='word_1_83' title='bbox 876 1825 970 1892; x_wconf 69' lang='lat' dir='ltr'><strong>habet</strong></span> <span class='ocrx_word' id='word_1_84' title='bbox 996 1828 1138 1893; x_wconf 75' lang='lat' dir='ltr'><strong>mummio</strong></span> <span class='ocrx_word' id='word_1_85' title='bbox 1162 1847 1232 1893; x_wconf 86' lang='lat' dir='ltr'><strong>esse</strong></span> 
     </span>
     <span class='ocr_line' id='line_1_13' title="bbox 211 1927 1230 2015; baseline -0.007 -17"><span class='ocrx_word' id='word_1_86' title='bbox 211 1933 375 1998; x_wconf 65' lang='lat' dir='ltr'><strong>censuerit„</strong></span> <span class='ocrx_word' id='word_1_87' title='bbox 413 1927 511 2012; x_wconf 80' lang='lat' dir='ltr'><strong>Quem</strong></span> <span class='ocrx_word' id='word_1_88' title='bbox 539 1950 663 1995; x_wconf 81' lang='lat' dir='ltr'><strong>causum</strong></span> <span class='ocrx_word' id='word_1_89' title='bbox 690 1939 790 1995; x_wconf 79' lang='lat' dir='ltr'><strong>tumen</strong></span> <span class='ocrx_word' id='word_1_90' title='bbox 820 1929 892 1994; x_wconf 89' lang='lat' dir='ltr'><strong>mihi</strong></span> <span class='ocrx_word' id='word_1_91' title='bbox 917 1931 1026 1996; x_wconf 84' lang='lat' dir='ltr'><strong>videor</strong></span> <span class='ocrx_word' id='word_1_92' title='bbox 1047 1930 1230 2015; x_wconf 82' lang='lat' dir='ltr'><strong>intelligere.</strong></span> 
     </span>
     <span class='ocr_line' id='line_1_14' title="bbox 210 2031 1231 2117; baseline -0.007 -16"><span class='ocrx_word' id='word_1_93' title='bbox 210 2032 337 2102; x_wconf 85' lang='lat' dir='ltr'><strong>Seilioet</strong></span> <span class='ocrx_word' id='word_1_94' title='bbox 357 2033 436 2098; x_wconf 85' lang='lat' dir='ltr'><strong>eliud</strong></span> <span class='ocrx_word' id='word_1_95' title='bbox 460 2043 527 2112; x_wconf 76' lang='lat' dir='ltr'><strong>esi,</strong></span> <span class='ocrx_word' id='word_1_96' title='bbox 558 2043 665 2117; x_wconf 68' lang='lat' dir='ltr'><strong>poetae</strong></span> <span class='ocrx_word' id='word_1_97' title='bbox 688 2031 815 2098; x_wconf 79' lang='lat' dir='ltr'><strong>alienius</strong></span> <span class='ocrx_word' id='word_1_98' title='bbox 836 2033 991 2117; x_wconf 87' lang='lat' dir='ltr'><strong>ingenium</strong></span> <span class='ocrx_word' id='word_1_99' title='bbox 1020 2041 1052 2098; x_wconf 78' lang='lat' dir='ltr'><strong>et</strong></span> <span class='ocrx_word' id='word_1_100' title='bbox 1077 2031 1231 2096; x_wconf 81' lang='lat' dir='ltr'><strong>scribendi</strong></span> 
     </span>
     <span class='ocr_line' id='line_1_15' title="bbox 211 2131 1234 2220; baseline -0.002 -20"><span class='ocrx_word' id='word_1_101' title='bbox 211 2157 307 2220; x_wconf 77' lang='lat' dir='ltr'><strong>genus</strong></span> <span class='ocrx_word' id='word_1_102' title='bbox 322 2136 439 2219; x_wconf 84' lang='lat' dir='ltr'><strong>publice</strong></span> <span class='ocrx_word' id='word_1_103' title='bbox 454 2135 627 2219; x_wconf 78' lang='lat' dir='ltr'><strong>vituperare</strong></span> <span class='ocrx_word' id='word_1_104' title='bbox 644 2144 677 2198; x_wconf 76' lang='lat' dir='ltr'><strong>ut</strong></span> <span class='ocrx_word' id='word_1_105' title='bbox 690 2156 814 2220; x_wconf 79' lang='lat' dir='ltr'><strong>prorum</strong></span> <span class='ocrx_word' id='word_1_106' title='bbox 829 2135 970 2218; x_wconf 84' lang='lat' dir='ltr'><strong>nulloque</strong></span> <span class='ocrx_word' id='word_1_107' title='bbox 992 2135 1082 2200; x_wconf 86' lang='lat' dir='ltr'><strong>modo</strong></span> <span class='ocrx_word' id='word_1_108' title='bbox 1103 2131 1234 2218; x_wconf 80' lang='lat' dir='ltr'><strong>probun-</strong></span> 
     </span>
     <span class='ocr_line' id='line_1_16' title="bbox 212 2236 1234 2323; baseline -0.003 -20"><span class='ocrx_word' id='word_1_109' title='bbox 212 2240 281 2305; x_wconf 83' lang='lat' dir='ltr'><strong>dum</strong></span> <span class='ocrx_word' id='word_1_110' title='bbox 303 2248 393 2321; x_wconf 76' lang='lat' dir='ltr'><strong>eique</strong></span> <span class='ocrx_word' id='word_1_111' title='bbox 415 2238 545 2322; x_wconf 79' lang='lat' dir='ltr'><strong>exempli</strong></span> <span class='ocrx_word' id='word_1_112' title='bbox 567 2236 636 2302; x_wconf 86' lang='lat' dir='ltr'><strong>loeo</strong></span> <span class='ocrx_word' id='word_1_113' title='bbox 657 2258 767 2302; x_wconf 89' lang='lat' dir='ltr'><strong>versus</strong></span> <span class='ocrx_word' id='word_1_114' title='bbox 783 2237 877 2323; x_wconf 85' lang='lat' dir='ltr'><strong>ipsius</strong></span> <span class='ocrx_word' id='word_1_115' title='bbox 891 2236 1018 2315; x_wconf 83' lang='lat' dir='ltr'><strong>offerre,</strong></span> <span class='ocrx_word' id='word_1_116' title='bbox 1037 2256 1110 2320; x_wconf 89' lang='lat' dir='ltr'><strong>quos</strong></span> <span class='ocrx_word' id='word_1_117' title='bbox 1125 2255 1234 2300; x_wconf 88' lang='lat' dir='ltr'><strong>omnes</strong></span> 
     </span>
     <span class='ocr_line' id='line_1_17' title="bbox 211 2338 1231 2426; baseline -0.004 -20"><span class='ocrx_word' id='word_1_118' title='bbox 211 2342 249 2407; x_wconf 83' lang='lat' dir='ltr'><strong>ub</strong></span> <span class='ocrx_word' id='word_1_119' title='bbox 265 2361 302 2405; x_wconf 88' lang='lat' dir='ltr'><strong>eo</strong></span> <span class='ocrx_word' id='word_1_120' title='bbox 322 2342 474 2426; x_wconf 76' lang='lat' dir='ltr'><strong>proiectos</strong></span> <span class='ocrx_word' id='word_1_121' title='bbox 497 2361 566 2405; x_wconf 90' lang='lat' dir='ltr'><strong>esse</strong></span> <span class='ocrx_word' id='word_1_122' title='bbox 589 2351 703 2405; x_wconf 82' lang='lat' dir='ltr'><strong>norunt</strong></span> <span class='ocrx_word' id='word_1_123' title='bbox 724 2350 756 2403; x_wconf 79' lang='lat' dir='ltr'><strong>et</strong></span> <span class='ocrx_word' id='word_1_124' title='bbox 777 2339 815 2404; x_wconf 82' lang='lat' dir='ltr'><strong>nd</strong></span> <span class='ocrx_word' id='word_1_125' title='bbox 836 2338 1022 2423; x_wconf 78' lang='lat' dir='ltr'><strong>probandum</strong></span> <span class='ocrx_word' id='word_1_126' title='bbox 1036 2338 1086 2418; x_wconf 86' lang='lat' dir='ltr'><strong>id,</strong></span> <span class='ocrx_word' id='word_1_127' title='bbox 1110 2338 1148 2402; x_wconf 83' lang='lat' dir='ltr'><strong>de</strong></span> <span class='ocrx_word' id='word_1_128' title='bbox 1171 2359 1231 2422; x_wconf 84' lang='lat' dir='ltr'><strong>quo</strong></span> 
     </span>
     <span class='ocr_line' id='line_1_18' title="bbox 214 2440 1235 2527; baseline -0.003 -17"><span class='ocrx_word' id='word_1_129' title='bbox 214 2466 280 2510; x_wconf 85' lang='lat' dir='ltr'><strong>oum</strong></span> <span class='ocrx_word' id='word_1_130' title='bbox 304 2442 435 2506; x_wconf 79' lang='lat' dir='ltr'><strong>maxime</strong></span> <span class='ocrx_word' id='word_1_131' title='bbox 457 2443 576 2527; x_wconf 82' lang='lat' dir='ltr'><strong>egitur,</strong></span> <span class='ocrx_word' id='word_1_132' title='bbox 606 2444 710 2507; x_wconf 83' lang='lat' dir='ltr'><strong>fecere</strong></span> <span class='ocrx_word' id='word_1_133' title='bbox 738 2441 930 2526; x_wconf 67' lang='lat' dir='ltr'><strong>intelligun15</strong></span> <span class='ocrx_word' id='word_1_134' title='bbox 960 2440 1041 2505; x_wconf 78' lang='lat' dir='ltr'><strong>eliud</strong></span> <span class='ocrx_word' id='word_1_135' title='bbox 1066 2441 1110 2505; x_wconf 81' lang='lat' dir='ltr'><strong>ite</strong></span> <span class='ocrx_word' id='word_1_136' title='bbox 1132 2441 1173 2505; x_wconf 85' lang='lat' dir='ltr'><strong>de</strong></span> <span class='ocrx_word' id='word_1_137' title='bbox 1195 2461 1235 2507; x_wconf 82' lang='lat' dir='ltr'><strong>eo</strong></span> 
     </span>
     <span class='ocr_line' id='line_1_19' title="bbox 213 2540 1234 2632; baseline -0.005 -20"><span class='ocrx_word' id='word_1_138' title='bbox 213 2546 315 2632; x_wconf 85' lang='lat' dir='ltr'><strong>loqui,</strong></span> <span class='ocrx_word' id='word_1_139' title='bbox 339 2557 372 2610; x_wconf 83' lang='lat' dir='ltr'><strong>ut</strong></span> <span class='ocrx_word' id='word_1_140' title='bbox 392 2544 502 2609; x_wconf 81' lang='lat' dir='ltr'><strong>iniuria</strong></span> <span class='ocrx_word' id='word_1_141' title='bbox 524 2566 591 2609; x_wconf 90' lang='lat' dir='ltr'><strong>enm</strong></span> <span class='ocrx_word' id='word_1_142' title='bbox 615 2544 741 2609; x_wconf 81' lang='lat' dir='ltr'><strong>efficies.</strong></span> <span class='ocrx_word' id='word_1_143' title='bbox 771 2540 861 2625; x_wconf 80' lang='lat' dir='ltr'><strong>Quod</strong></span> <span class='ocrx_word' id='word_1_144' title='bbox 883 2541 1082 2625; x_wconf 68' lang='lat' dir='ltr'><strong>quinimmo,</strong></span> <span class='ocrx_word' id='word_1_145' title='bbox 1107 2542 1158 2626; x_wconf 85' lang='lat' dir='ltr'><strong>qni</strong></span> <span class='ocrx_word' id='word_1_146' title='bbox 1178 2543 1234 2607; x_wconf 75' lang='lat' dir='ltr'><strong>eli·</strong></span> 
     </span>
     <span class='ocr_line' id='line_1_20' title="bbox 213 2644 1237 2734; baseline -0.003 -21"><span class='ocrx_word' id='word_1_147' title='bbox 213 2670 300 2734; x_wconf 85' lang='lat' dir='ltr'><strong>quem</strong></span> <span class='ocrx_word' id='word_1_148' title='bbox 323 2649 459 2713; x_wconf 80' lang='lat' dir='ltr'><strong>asininus</strong></span> <span class='ocrx_word' id='word_1_149' title='bbox 482 2668 571 2712; x_wconf 88' lang='lat' dir='ltr'><strong>uures</strong></span> <span class='ocrx_word' id='word_1_150' title='bbox 593 2647 704 2712; x_wconf 80' lang='lat' dir='ltr'><strong>habere</strong></span> <span class='ocrx_word' id='word_1_151' title='bbox 726 2647 820 2724; x_wconf 72' lang='lat' dir='ltr'><strong>dixit,</strong></span> <span class='ocrx_word' id='word_1_152' title='bbox 842 2645 893 2711; x_wconf 89' lang='lat' dir='ltr'><strong>vel</strong></span> <span class='ocrx_word' id='word_1_153' title='bbox 921 2665 964 2709; x_wconf 82' lang='lat' dir='ltr'><strong>ex</strong></span> <span class='ocrx_word' id='word_1_154' title='bbox 984 2646 1174 2730; x_wconf 73' lang='lat' dir='ltr'><strong>antiquorum</strong></span> <span class='ocrx_word' id='word_1_155' title='bbox 1189 2644 1237 2710; x_wconf 92' lang='lat' dir='ltr'><strong>in·</strong></span> 
     </span>
     <span class='ocr_line' id='line_1_21' title="bbox 214 2745 1237 2833; baseline -0.004 -17"><span class='ocrx_word' id='word_1_156' title='bbox 214 2752 292 2817; x_wconf 81' lang='lat' dir='ltr'><strong>dicio</strong></span> <span class='ocrx_word' id='word_1_157' title='bbox 308 2751 406 2814; x_wconf 89' lang='lat' dir='ltr'><strong>miuus</strong></span> <span class='ocrx_word' id='word_1_158' title='bbox 421 2769 496 2813; x_wconf 81' lang='lat' dir='ltr'><strong>sane</strong></span> <span class='ocrx_word' id='word_1_159' title='bbox 512 2750 542 2813; x_wconf 94' lang='lat' dir='ltr'><strong>in</strong></span> <span class='ocrx_word' id='word_1_160' title='bbox 557 2750 665 2814; x_wconf 78' lang='lat' dir='ltr'><strong>talibus</strong></span> <span class='ocrx_word' id='word_1_161' title='bbox 681 2749 828 2827; x_wconf 77' lang='lat' dir='ltr'><strong>delicato,</strong></span> <span class='ocrx_word' id='word_1_162' title='bbox 851 2766 940 2812; x_wconf 87' lang='lat' dir='ltr'><strong>nemo</strong></span> <span class='ocrx_word' id='word_1_163' title='bbox 964 2745 1110 2813; x_wconf 70' lang='lat' dir='ltr'><strong>dubitabit</strong></span> <span class='ocrx_word' id='word_1_164' title='bbox 1124 2757 1157 2812; x_wconf 77' lang='lat' dir='ltr'><strong>et</strong></span> <span class='ocrx_word' id='word_1_165' title='bbox 1171 2746 1237 2833; x_wconf 78' lang='lat' dir='ltr'><strong>ipse</strong></span> 
     </span>
     <span class='ocr_line' id='line_1_22' title="bbox 214 2848 1237 2936; baseline -0.004 -18"><span class='ocrx_word' id='word_1_166' title='bbox 214 2851 340 2918; x_wconf 85' lang='lat' dir='ltr'><strong>Persius</strong></span> <span class='ocrx_word' id='word_1_167' title='bbox 356 2853 468 2916; x_wconf 87' lang='lat' dir='ltr'><strong>dooere</strong></span> <span class='ocrx_word' id='word_1_168' title='bbox 483 2862 600 2936; x_wconf 77' lang='lat' dir='ltr'><strong>potest,</strong></span> <span class='ocrx_word' id='word_1_169' title='bbox 625 2851 675 2935; x_wconf 93' lang='lat' dir='ltr'><strong>qui</strong></span> <span class='ocrx_word' id='word_1_170' title='bbox 694 2851 725 2915; x_wconf 84' lang='lat' dir='ltr'><strong>id</strong></span> <span class='ocrx_word' id='word_1_171' title='bbox 746 2850 827 2914; x_wconf 75' lang='lat' dir='ltr'><strong>iuter</strong></span> <span class='ocrx_word' id='word_1_172' title='bbox 846 2848 1099 2935; x_wconf 73' lang='lat' dir='ltr'><strong>petuleniissimas</strong></span> <span class='ocrx_word' id='word_1_173' title='bbox 1120 2868 1237 2914; x_wconf 78' lang='lat' dir='ltr'><strong>sennes</strong></span> 
     </span>
     <span class='ocr_line' id='line_1_23' title="bbox 214 2949 1237 3037; baseline -0.003 -17"><span class='ocrx_word' id='word_1_174' title='bbox 214 2957 311 3020; x_wconf 80' lang='lat' dir='ltr'><strong>refert</strong></span> <span class='ocrx_word' id='word_1_175' title='bbox 326 2956 373 3034; x_wconf 84' lang='lat' dir='ltr'><strong>(v.</strong></span> <span class='ocrx_word' id='word_1_176' title='bbox 391 2951 462 3037; x_wconf 81' lang='lat'>59).</span> <span class='ocrx_word' id='word_1_177' title='bbox 493 2951 557 3019; x_wconf 85' lang='lat' dir='ltr'><strong>lem</strong></span> <span class='ocrx_word' id='word_1_178' title='bbox 579 2951 705 3018; x_wconf 88' lang='lat' dir='ltr'><strong>Persius</strong></span> <span class='ocrx_word' id='word_1_179' title='bbox 727 2952 846 3036; x_wconf 83' lang='lat' dir='ltr'><strong>quidem</strong></span> <span class='ocrx_word' id='word_1_180' title='bbox 868 2951 969 3017; x_wconf 83' lang='lat' dir='ltr'><strong>verbis</strong></span> <span class='ocrx_word' id='word_1_181' title='bbox 984 2952 1044 3017; x_wconf 86' lang='lat' dir='ltr'><strong>illis</strong></span> <span class='ocrx_word' id='word_1_182' title='bbox 1059 2949 1237 3019; x_wconf 86' lang='lat' dir='ltr'><strong>neeNero·</strong></span> 
     </span>
     <span class='ocr_line' id='line_1_24' title="bbox 215 3053 1239 3139; baseline -0.005 -17"><span class='ocrx_word' id='word_1_183' title='bbox 215 3077 304 3137; x_wconf 92' lang='lat' dir='ltr'><strong>uem,</strong></span> <span class='ocrx_word' id='word_1_184' title='bbox 335 3078 393 3122; x_wconf 90' lang='lat' dir='ltr'><strong>nee</strong></span> <span class='ocrx_word' id='word_1_185' title='bbox 415 3058 537 3120; x_wconf 90' lang='lat' dir='ltr'><strong>omnino</strong></span> <span class='ocrx_word' id='word_1_186' title='bbox 560 3066 674 3121; x_wconf 74' lang='lat' dir='ltr'><strong>eertum</strong></span> <span class='ocrx_word' id='word_1_187' title='bbox 697 3055 845 3138; x_wconf 84' lang='lat' dir='ltr'><strong>quendem</strong></span> <span class='ocrx_word' id='word_1_188' title='bbox 868 3065 1007 3139; x_wconf 77' lang='lat' dir='ltr'><strong>postem,</strong></span> <span class='ocrx_word' id='word_1_189' title='bbox 1029 3054 1085 3119; x_wconf 78' lang='lat' dir='ltr'><strong>sed</strong></span> <span class='ocrx_word' id='word_1_190' title='bbox 1106 3053 1139 3117; x_wconf 90' lang='lat' dir='ltr'><strong>in</strong></span> <span class='ocrx_word' id='word_1_191' title='bbox 1169 3053 1239 3117; x_wconf 89' lang='lat' dir='ltr'><strong>nni·</strong></span> 
     </span>
     <span class='ocr_line' id='line_1_25' title="bbox 215 3154 1240 3244; baseline -0.004 -20"><span class='ocrx_word' id='word_1_192' title='bbox 215 3181 337 3225; x_wconf 88' lang='lat' dir='ltr'><strong>versum</strong></span> <span class='ocrx_word' id='word_1_193' title='bbox 359 3180 483 3244; x_wconf 77' lang='lat' dir='ltr'><strong>pravum</strong></span> <span class='ocrx_word' id='word_1_194' title='bbox 504 3157 622 3222; x_wconf 86' lang='lat' dir='ltr'><strong>Romae</strong></span> <span class='ocrx_word' id='word_1_195' title='bbox 644 3157 783 3222; x_wconf 84' lang='lat' dir='ltr'><strong>iudicium</strong></span> <span class='ocrx_word' id='word_1_196' title='bbox 808 3156 943 3235; x_wconf 78' lang='lat' dir='ltr'><strong>notarit,</strong></span> <span class='ocrx_word' id='word_1_197' title='bbox 967 3165 1001 3220; x_wconf 80' lang='lat' dir='ltr'><strong>ut</strong></span> <span class='ocrx_word' id='word_1_198' title='bbox 1015 3154 1240 3221; x_wconf 74' lang='lat' dir='ltr'><strong>sententiarum</strong></span> 
     </span>
     <span class='ocr_line' id='line_1_26' title="bbox 216 3257 1241 3342; baseline -0.005 -15"><span class='ocrx_word' id='word_1_199' title='bbox 216 3283 316 3328; x_wconf 79' lang='lat' dir='ltr'><strong>nexus</strong></span> <span class='ocrx_word' id='word_1_200' title='bbox 333 3263 440 3342; x_wconf 78' lang='lat' dir='ltr'><strong>doeet3</strong></span> <span class='ocrx_word' id='word_1_201' title='bbox 456 3283 563 3326; x_wconf 81' lang='lat' dir='ltr'><strong>verum</strong></span> <span class='ocrx_word' id='word_1_202' title='bbox 579 3283 646 3326; x_wconf 87' lang='lat' dir='ltr'><strong>eum</strong></span> <span class='ocrx_word' id='word_1_203' title='bbox 662 3257 819 3324; x_wconf 90' lang='lat' dir='ltr'><strong>Neronem</strong></span> <span class='ocrx_word' id='word_1_204' title='bbox 836 3260 917 3324; x_wconf 82' lang='lat' dir='ltr'><strong>olere</strong></span> <span class='ocrx_word' id='word_1_205' title='bbox 931 3258 964 3324; x_wconf 92' lang='lat' dir='ltr'><strong>in</strong></span> <span class='ocrx_word' id='word_1_206' title='bbox 980 3259 1037 3338; x_wconf 90' lang='lat' dir='ltr'><strong>iis,</strong></span> <span class='ocrx_word' id='word_1_207' title='bbox 1060 3277 1135 3342; x_wconf 76' lang='lat' dir='ltr'><strong>quoe</strong></span> <span class='ocrx_word' id='word_1_208' title='bbox 1151 3268 1241 3323; x_wconf 78' lang='lat' dir='ltr'><strong>unte·</strong></span> 
     </span>
     <span class='ocr_line' id='line_1_27' title="bbox 217 3361 1239 3449; baseline -0.004 -18"><span class='ocrx_word' id='word_1_209' title='bbox 217 3365 344 3443; x_wconf 80' lang='lat' dir='ltr'><strong>endunt,</strong></span> <span class='ocrx_word' id='word_1_210' title='bbox 368 3385 531 3449; x_wconf 82' lang='lat' dir='ltr'><strong>aggressus</strong></span> <span class='ocrx_word' id='word_1_211' title='bbox 546 3364 603 3441; x_wconf 82' lang='lat' dir='ltr'><strong>sit,</strong></span> <span class='ocrx_word' id='word_1_212' title='bbox 627 3362 715 3427; x_wconf 80' lang='lat' dir='ltr'><strong>facile</strong></span> <span class='ocrx_word' id='word_1_213' title='bbox 731 3362 827 3446; x_wconf 76' lang='lat' dir='ltr'><strong>potuit</strong></span> <span class='ocrx_word' id='word_1_214' title='bbox 847 3362 946 3427; x_wconf 77' lang='lat' dir='ltr'><strong>leetnr</strong></span> <span class='ocrx_word' id='word_1_215' title='bbox 967 3361 1065 3427; x_wconf 90' lang='lat' dir='ltr'><strong>minus</strong></span> <span class='ocrx_word' id='word_1_216' title='bbox 1086 3372 1239 3441; x_wconf 77' lang='lat' dir='ltr'><strong>attentus,</strong></span> 
     </span>
     <span class='ocr_line' id='line_1_28' title="bbox 215 3460 1241 3548; baseline -0.003 -16"><span class='ocrx_word' id='word_1_217' title='bbox 215 3468 266 3532; x_wconf 82' lang='lat' dir='ltr'><strong>vel</strong></span> <span class='ocrx_word' id='word_1_218' title='bbox 286 3467 449 3531; x_wconf 77' lang='lat' dir='ltr'><strong>malevolus</strong></span> <span class='ocrx_word' id='word_1_219' title='bbox 471 3466 499 3530; x_wconf 83' lang='lat' dir='ltr'><strong>id</strong></span> <span class='ocrx_word' id='word_1_220' title='bbox 521 3466 556 3529; x_wconf 84' lang='lat' dir='ltr'><strong>nd</strong></span> <span class='ocrx_word' id='word_1_221' title='bbox 580 3464 738 3530; x_wconf 88' lang='lat' dir='ltr'><strong>Neronem</strong></span> <span class='ocrx_word' id='word_1_222' title='bbox 761 3463 896 3530; x_wconf 77' lang='lat' dir='ltr'><strong>trahere.</strong></span> <span class='ocrx_word' id='word_1_223' title='bbox 927 3461 1034 3548; x_wconf 82' lang='lat' dir='ltr'><strong>Inque</strong></span> <span class='ocrx_word' id='word_1_224' title='bbox 1055 3473 1142 3529; x_wconf 76' lang='lat' dir='ltr'><strong>recto</strong></span> <span class='ocrx_word' id='word_1_225' title='bbox 1159 3460 1241 3529; x_wconf 86' lang='lat' dir='ltr'><strong>Cor·</strong></span> 
     </span>
     <span class='ocr_line' id='line_1_29' title="bbox 217 3566 1241 3652; baseline -0.002 -18"><span class='ocrx_word' id='word_1_226' title='bbox 217 3581 307 3635; x_wconf 77' lang='lat' dir='ltr'><strong>nutus</strong></span> <span class='ocrx_word' id='word_1_227' title='bbox 332 3570 361 3634; x_wconf 90' lang='lat' dir='ltr'><strong>id</strong></span> <span class='ocrx_word' id='word_1_228' title='bbox 384 3568 556 3633; x_wconf 74' lang='lat' dir='ltr'><strong>molendum</strong></span> <span class='ocrx_word' id='word_1_229' title='bbox 580 3567 717 3646; x_wconf 80' lang='lat' dir='ltr'><strong>censuit,</strong></span> <span class='ocrx_word' id='word_1_230' title='bbox 742 3567 819 3652; x_wconf 83' lang='lat' dir='ltr'><strong>quod</strong></span> <span class='ocrx_word' id='word_1_231' title='bbox 833 3567 865 3630; x_wconf 94' lang='lat' dir='ltr'><strong>iu</strong></span> <span class='ocrx_word' id='word_1_232' title='bbox 881 3567 986 3632; x_wconf 79' lang='lat' dir='ltr'><strong>rudem</strong></span> <span class='ocrx_word' id='word_1_233' title='bbox 1002 3566 1241 3650; x_wconf 74' lang='lat' dir='ltr'><strong>illiberalemque</strong></span> 
     </span>
     <span class='ocr_line' id='line_1_30' title="bbox 217 3668 1241 3756; baseline -0.003 -19"><span class='ocrx_word' id='word_1_234' title='bbox 217 3673 355 3737; x_wconf 81' lang='lat' dir='ltr'><strong>iniurium</strong></span> <span class='ocrx_word' id='word_1_235' title='bbox 374 3671 600 3756; x_wconf 64' lang='lat' dir='ltr'><strong>sempeterni,</strong></span> <span class='ocrx_word' id='word_1_236' title='bbox 624 3671 773 3735; x_wconf 88' lang='lat' dir='ltr'><strong>edendum</strong></span> <span class='ocrx_word' id='word_1_237' title='bbox 789 3691 885 3749; x_wconf 87' lang='lat' dir='ltr'><strong>vero,</strong></span> <span class='ocrx_word' id='word_1_238' title='bbox 908 3670 986 3754; x_wconf 87' lang='lat' dir='ltr'><strong>qnod</strong></span> <span class='ocrx_word' id='word_1_239' title='bbox 1006 3668 1131 3734; x_wconf 77' lang='lat' dir='ltr'><strong>liberum</strong></span> <span class='ocrx_word' id='word_1_240' title='bbox 1146 3669 1241 3734; x_wconf 76' lang='lat' dir='ltr'><strong>etium</strong></span> 
     </span>
     <span class='ocr_line' id='line_1_31' title="bbox 218 3771 825 3860; baseline -0.01 -19"><span class='ocrx_word' id='word_1_241' title='bbox 218 3785 326 3841; x_wconf 76' lang='lat' dir='ltr'><strong>eontra</strong></span> <span class='ocrx_word' id='word_1_242' title='bbox 341 3775 506 3860; x_wconf 82' lang='lat' dir='ltr'><strong>prinoipem</strong></span> <span class='ocrx_word' id='word_1_243' title='bbox 521 3774 652 3837; x_wconf 87' lang='lat' dir='ltr'><strong>animum</strong></span> <span class='ocrx_word' id='word_1_244' title='bbox 668 3771 825 3858; x_wconf 82' lang='lat' dir='ltr'><strong>prodebat.</strong></span> 
     </span>
    </p>
   </div>
   <div class='ocr_carea' id='block_1_4' title="bbox 219 3889 1244 4184">
    <p class='ocr_par' dir='ltr' id='par_1_4' title="bbox 219 3889 1244 4184">
     <span class='ocr_line' id='line_1_32' title="bbox 304 3889 1243 3978; baseline -0.003 -20"><span class='ocrx_word' id='word_1_245' title='bbox 304 3892 392 3977; x_wconf 77' lang='lat' dir='ltr'><strong>Quae</strong></span> <span class='ocrx_word' id='word_1_246' title='bbox 408 3915 474 3957; x_wconf 90' lang='lat' dir='ltr'><strong>eum</strong></span> <span class='ocrx_word' id='word_1_247' title='bbox 490 3895 533 3958; x_wconf 77' lang='lat' dir='ltr'><strong>ita</strong></span> <span class='ocrx_word' id='word_1_248' title='bbox 552 3893 631 3970; x_wconf 83' lang='lat' dir='ltr'><strong>sint,</strong></span> <span class='ocrx_word' id='word_1_249' title='bbox 655 3892 822 3978; x_wconf 75' lang='lat' dir='ltr'><strong>putabimus</strong></span> <span class='ocrx_word' id='word_1_250' title='bbox 844 3889 983 3957; x_wconf 87' lang='lat' dir='ltr'><strong>Persium</strong></span> <span class='ocrx_word' id='word_1_251' title='bbox 1006 3891 1135 3969; x_wconf 79' lang='lat' dir='ltr'><strong>iecisse,</strong></span> <span class='ocrx_word' id='word_1_252' title='bbox 1160 3890 1243 3975; x_wconf 79' lang='lat' dir='ltr'><strong>qnod</strong></span> 
     </span>
     <span class='ocr_line' id='line_1_33' title="bbox 220 3992 1243 4080; baseline 0 -21"><span class='ocrx_word' id='word_1_253' title='bbox 220 3997 284 4061; x_wconf 85' lang='lat' dir='ltr'><strong>iere</strong></span> <span class='ocrx_word' id='word_1_254' title='bbox 307 3997 397 4061; x_wconf 79' lang='lat' dir='ltr'><strong>aliter</strong></span> <span class='ocrx_word' id='word_1_255' title='bbox 419 3997 521 4061; x_wconf 83' lang='lat' dir='ltr'><strong>faeere</strong></span> <span class='ocrx_word' id='word_1_256' title='bbox 544 4017 606 4059; x_wconf 92' lang='lat' dir='ltr'><strong>non</strong></span> <span class='ocrx_word' id='word_1_257' title='bbox 629 3995 744 4080; x_wconf 77' lang='lat' dir='ltr'><strong>potuit,</strong></span> <span class='ocrx_word' id='word_1_258' title='bbox 767 3995 794 4060; x_wconf 89' lang='lat' dir='ltr'><strong>si</strong></span> <span class='ocrx_word' id='word_1_259' title='bbox 814 4015 890 4060; x_wconf 85' lang='lat' dir='ltr'><strong>vere</strong></span> <span class='ocrx_word' id='word_1_260' title='bbox 910 3995 1076 4059; x_wconf 71' lang='lat' dir='ltr'><strong>litterarum</strong></span> <span class='ocrx_word' id='word_1_261' title='bbox 1092 3992 1243 4058; x_wconf 76' lang='lat' dir='ltr'><strong>conditio·</strong></span> 
     </span>
     <span class='ocr_line' id='line_1_34' title="bbox 219 4096 1244 4184; baseline 0 -23"><span class='ocrx_word' id='word_1_262' title='bbox 219 4117 287 4161; x_wconf 90' lang='lat' dir='ltr'><strong>uem</strong></span> <span class='ocrx_word' id='word_1_263' title='bbox 304 4097 369 4161; x_wconf 88' lang='lat' dir='ltr'><strong>eius</strong></span> <span class='ocrx_word' id='word_1_264' title='bbox 385 4099 527 4182; x_wconf 78' lang='lat' dir='ltr'><strong>temporis</strong></span> <span class='ocrx_word' id='word_1_265' title='bbox 542 4099 705 4184; x_wconf 85' lang='lat' dir='ltr'><strong>depingere</strong></span> <span class='ocrx_word' id='word_1_266' title='bbox 720 4097 834 4177; x_wconf 77' lang='lat' dir='ltr'><strong>voluit,</strong></span> <span class='ocrx_word' id='word_1_267' title='bbox 857 4096 945 4182; x_wconf 83' lang='lat' dir='ltr'><strong>idque</strong></span> <span class='ocrx_word' id='word_1_268' title='bbox 961 4096 1130 4182; x_wconf 80' lang='lat' dir='ltr'><strong>exemplum</strong></span> <span class='ocrx_word' id='word_1_269' title='bbox 1146 4096 1244 4182; x_wconf 79' lang='lat' dir='ltr'><strong>polis·</strong></span> 
     </span>
    </p>
   </div>
   <div class='ocr_carea' id='block_1_5' title="bbox 253 4294 1247 4500">
    <p class='ocr_par' dir='ltr' id='par_1_5' title="bbox 253 4294 1247 4500">
     <span class='ocr_line' id='line_1_35' title="bbox 256 4294 1247 4367; baseline 0.005 -21"><span class='ocrx_word' id='word_1_270' title='bbox 256 4305 299 4347; x_wconf 78' lang='lat' dir='ltr'><strong>rur</strong></span> <span class='ocrx_word' id='word_1_271' title='bbox 316 4294 399 4348; x_wconf 79' lang='lat' dir='ltr'><strong>Persii</strong></span> <span class='ocrx_word' id='word_1_272' title='bbox 418 4298 541 4361; x_wconf 75' lang='lat' dir='ltr'><strong>sutirum,</strong></span> <span class='ocrx_word' id='word_1_273' title='bbox 567 4300 634 4365; x_wconf 78' lang='lat' dir='ltr'><strong>quod</strong></span> <span class='ocrx_word' id='word_1_274' title='bbox 659 4313 713 4350; x_wconf 81' lang='lat' dir='ltr'><strong>enm</strong></span> <span class='ocrx_word' id='word_1_275' title='bbox 736 4297 844 4351; x_wconf 87' lang='lat' dir='ltr'><strong>Neronis</strong></span> <span class='ocrx_word' id='word_1_276' title='bbox 867 4297 992 4366; x_wconf 79' lang='lat' dir='ltr'><strong>poeticum</strong></span> <span class='ocrx_word' id='word_1_277' title='bbox 1017 4299 1169 4367; x_wconf 69' lang='lat' dir='ltr'><strong>vituperare</strong></span> <span class='ocrx_word' id='word_1_278' title='bbox 1186 4301 1247 4351; x_wconf 81' lang='lat' dir='ltr'><strong>eri·</strong></span> 
     </span>
     <span class='ocr_line' id='line_1_36' title="bbox 253 4366 1245 4500; baseline 0.005 -83"><span class='ocrx_word' id='word_1_279' title='bbox 253 4366 409 4500; x_wconf 43' lang='lat' dir='ltr'><strong>nend‘uffrtit,</strong></span> <span class='ocrx_word' id='word_1_280' title='bbox 432 4383 582 4435; x_wconf 79' lang='lat' dir='ltr'><strong>quemquem</strong></span> <span class='ocrx_word' id='word_1_281' title='bbox 607 4385 655 4419; x_wconf 90' lang='lat' dir='ltr'><strong>non</strong></span> <span class='ocrx_word' id='word_1_282' title='bbox 681 4368 775 4420; x_wconf 74' lang='lat' dir='ltr'><strong>obiitus</strong></span> <span class='ocrx_word' id='word_1_283' title='bbox 801 4368 927 4429; x_wconf 65' lang='lat' dir='ltr'><strong>renerum,</strong></span> <span class='ocrx_word' id='word_1_284' title='bbox 961 4385 1008 4420; x_wconf 79' lang='lat' dir='ltr'><strong>run</strong></span> <span class='ocrx_word' id='word_1_285' title='bbox 1030 4385 1131 4435; x_wconf 84' lang='lat' dir='ltr'><strong>qnoque</strong></span> <span class='ocrx_word' id='word_1_286' title='bbox 1153 4371 1245 4422; x_wconf 73' lang='lat' dir='ltr'><strong>studit</strong></span> 
     </span>
    </p>
   </div>
   <div class='ocr_carea' id='block_1_6' title="bbox 0 0 1314 5054">
    <p class='ocr_par' dir='ltr' id='par_1_6' title="bbox 0 0 1314 5054">
     <span class='ocr_line' id='line_1_37' title="bbox 0 0 1314 5054; baseline 0 0"><span class='ocrx_word' id='word_1_287' title='bbox 0 0 1314 5054; x_wconf 95' lang='lat' dir='ltr'><strong> </strong></span> 
     </span>
    </p>
   </div>
  </div>
 </body>
</html>
