2574 5054
419 750 503 813 SA'l'.
519 752 542 825 Ι,
557 755 598 818 69
613 783 655 799 -
670 756 721 816 72.
1040 747 1082 815 97

61 920 100 984 erl
115 925 198 1003 opica
212 924 338 984 carmina
357 941 390 982 ee
413 926 566 1002 accingere
587 921 731 995 virle-ue,
751 940 842 1003 eaque
858 919 974 981 Romani
996 942 1083 1007 ergn-

62 1011 162 1080 menti,
177 1029 240 1068 enm
256 1020 349 1069 umen
372 1008 441 1068 nihil
462 1029 561 1069 eorum
584 1029 703 1090 nuquam
727 1009 926 1079 manaverint,
951 1026 1024 1089 qnae
1046 1028 1082 1068 eo

62 1095 222 1175 pertinent.
259 1093 332 1153 Nam
353 1095 392 1154 ita
415 1092 609 1172 accipiendum
632 1114 699 1154 cose
724 1093 754 1154 lu.
771 1093 791 1151 Ι.
814 1091 918 1153 tloeent
932 1112 985 1166 ea,
1008 1113 1081 1174 quae

62 1178 182 1240 Penius
197 1179 290 1250 allert,
306 1198 379 1260 quae
395 1181 487 1239 omnia
502 1178 538 1238 atl
553 1179 706 1239 llomauum
721 1189 914 1257 argumentum
929 1180 1082 1256 pertinent,

63 1275 97 1325 et
110 1275 289 1344 opponuntur
302 1285 350 1325 vv.
370 1266 483 1326 Graece
494 1268 623 1342 auguri‚·
646 1267 757 1327 scilieet
779 1263 842 1323 dum
858 1263 976 1324 Graccis
999 1265 1081 1342 augin

63 1347 178 1410 tletlitut
201 1361 256 1421 est,
278 1348 419 1410 llomanau
441 1370 489 1410 rce
512 1370 567 1408 nou
593 1352 715 1410 curavit.
752 1348 810 1409 llcu
826 1348 966 1409 llomanuu
986 1361 1080 1409 auten

62 1437 149 1515 epico
163 1437 288 1495 carmine
310 1434 459 1495 celebrare
481 1434 569 1495 voluit
583 1436 645 1514 ipse
660 1434 757 1506 Nero,
778 1444 852 1494 teste
868 1434 959 1494 llione
980 1433 1081 1494 Caesio

62 1519 167 1596 (exit,
182 1524 235 1593 29)
245 1541 253 1578 a
265 1515 515 1603 Παρισκευάζιτο
530 1517 563 1579 δὲ
579 1517 621 1590 ὥς
634 1519 687 1578 καὶ
699 1515 753 1590 τὰς
764 1519 825 1578 τῶν
833 1516 991 1597 Ῥωμαίων
1002 1517 1081 1602 πρά-

61 1606 126 1678 ξεις
140 1601 259 1676 ἁπάσας
275 1600 461 1687 συγγράφων
478 1602 510 1663 ἐν
525 1598 620 1664 ἔπεσι.
652 1603 734 1678 Quoi
748 1623 862 1665 carmen
877 1625 958 1685 quam
973 1606 1081 1684 magui·

60 1690 147 1751 ficum
162 1691 369 1769 compositurus
385 1690 487 1760 luerit,
502 1689 548 1750 vel
564 1688 629 1750 iude
644 1701 782 1769 apparet,
798 1688 882 1769 quoti,
898 1710 961 1750 cnm
975 1689 1012 1750 de
1027 1710 1080 1749 nn·

60 1794 144 1836 mero
166 1775 299 1836 librorum
321 1776 431 1855 peritos
452 1776 528 1833 viros
549 1776 578 1834 iu
606 1777 753 1836 consilium
775 1773 940 1846 adhiberet,
956 1776 1080 1847 inerunt,

61 1861 112 1944 qui
130 1859 396 1942 quadringentorum
417 1860 550 1920 librorum
578 1880 723 1920 nnmerum
751 1872 783 1920 nt
811 1862 984 1939 aptissimum
1013 1880 1080 1921 ana·

60 1945 173 2006 tlerent.
216 1944 262 2007 No
291 1947 396 2025 incepit
420 1943 531 2026 quidem
559 1946 615 2006 tale
639 1967 727 2026 apuu,
757 1957 787 2005 nt
808 1943 928 2006 credere
950 1965 1003 2026 par
1023 1957 1080 2017 cut,

60 2029 162 2104 Ner03
187 2029 239 2090 ecl
254 2031 311 2091 tale
326 2031 472 2091 consilinm
495 2033 673 2111 imperatorie
695 2051 763 2091 enoc
784 2043 849 2090 tnnc
864 2031 998 2092 habuisse
1018 2032 1081 2091 imi·

60 2126 173 2177 tutores
187 2118 247 2176 reri
255 2135 391 2196 perquam
400 2117 491 2176 simile
506 2129 562 2189 eut,
573 2136 665 2196 eoque
674 2119 821 2196 respicere
828 2115 939 2177 videtur
949 2115 1078 2178 Persius.

60 2200 108 2263 Ea
120 2220 201 2272 veru,
217 2221 289 2281 qnae
305 2203 360 2261 ium
375 2202 477 2273 all'crt,
499 2202 630 2280 exempla
651 2213 717 2262 sunt
732 2222 829 2263 earum
844 2222 947 2275 rerum,
963 2222 1079 2283 quarum

60 2288 92 2346 in
119 2284 356 2365 descriptionibus
378 2287 522 2347 luxuriare
551 2288 680 2347 solebant
708 2299 811 2366 poetae
841 2289 933 2365 epici,
963 2307 1079 2369 quarum

60 2373 149 2452 igitur
163 2391 232 2450 prae
248 2374 354 2432 ceteris
370 2374 559 2451 coguitionem
574 2371 876 2453 haberedebebatqni
892 2373 948 2433 tale
964 2392 1078 2432 carmen

60 2455 457 2620 iiiiiiiiiialiissf
466 2476 521 2622 ,tt
539 2457 1080 2624 :tt„iistlf‘iattiltti'll

61 2627 158 2700 eben),
172 2649 200 2687 v.
217 2626 306 2688 llanl.
321 2627 442 2688 Turseli.
458 2629 497 2688 ΙΙΙ
512 2648 540 2707 p.
557 2633 629 2691 ote.
651 2631 766 2689 Heroas
789 2629 930 2689 allectiva
945 2630 1077 2709 positum,

61 2724 94 2773 nt
107 2711 192 2794 Prop.
209 2712 243 2784 ll,
262 2718 289 2784 Ι,
308 2718 347 2776 18
362 2715 468 2773 leroca
482 2733 595 2773 munus.
625 2716 751 2792 Nuguri
761 2735 789 2773 v.
807 2718 857 2777 56.
886 2713 1014 2792 Artifex
1022 2734 1078 2793 po·

61 2817 134 2858 nere
146 2818 175 2858 v.
190 2799 262 2878 prol.
281 2803 330 2859 ll.
366 2800 479 2858 Ponere
498 2810 592 2858 antem
606 2800 722 2859 verbum
742 2810 789 2859 est
811 2799 846 2860 tle
862 2800 1032 2870 artificibus,
1048 2810 1079 2858 nt

61 2881 1079 3050 illiti:l.³l.‘⁰lt1'‘lt''‚“.f.’.§tillutfuttili·

61 3051 137 3134 quod
152 3055 180 3112 in
204 3056 295 3113 animo
317 3056 379 3113 cius
401 3066 494 3113 uatum
516 3067 576 3126 est,
605 3066 735 3135 tauquam
764 3075 862 3114 verum
883 3054 987 3136 aliquid
1015 3055 1078 3114 aliie

60 3137 922 3303 1¹:¹53?,1⁰⁰fttl⁰illlt.tllili.⁵lll.{illiti
939 3137 1079 3304 tiit:

60 3307 160 3369 videre
175 3300 323 3368 videantur
338 3308 492 3378 auditores.
523 3312 632 3369 Lacum
654 3309 817 3370 describere
840 3313 868 3369 in
891 3309 999 3369 deliciis
1016 3321 1079 3370 erat

60 3395 173 3473 puetis,
203 3405 234 3453 nt
255 3406 349 3453 uotum
371 3414 407 3453 ex
423 3395 538 3454 lloratio
560 3397 609 3470 (Α.
631 3394 664 3454 Ρ.
682 3399 732 3470 16)
754 3407 784 3455 et
805 3395 902 3455 luveu.
924 3395 958 3469 (l,
974 3401 992 3458 7
1010 3402 1077 3477 ιιι).

59 3478 125 3558 ligo
141 3479 186 3538 hie
201 3480 388 3539 intellexerim
411 3480 519 3550 lucum,
542 3482 569 3538 in
585 3501 640 3562 quo
655 3481 732 3540 Mars
748 3481 855 3542 Rheam
872 3480 986 3540 Silvium
1001 3501 1078 3540 com-

60 3565 177 3644 pressit,
194 3566 240 3645 qui
258 3567 293 3624 iio
310 3567 451 3637 convenit,
467 3585 539 3646 quae
555 3567 609 3624 iam
625 3566 789 3626 afferuntur.
818 3567 889 3627 lium
905 3577 999 3626 antem
1014 3586 1077 3625 cum

60 3649 165 3709 leviter
177 3662 445 3710 commemorassent
464 3650 572 3709 Ennius
596 3649 682 3729 (apul
706 3651 768 3711 (lic.
786 3649 821 3711 de
837 3650 893 3711 div.
916 3651 939 3723 Ι,
954 3656 1007 3723 20,
1023 3655 1077 3724 40)

59 3745 92 3795 et
107 3733 221 3794 Ovidius
238 3736 329 3810 (Fert.
347 3735 396 3807 ΙΙΙ,
415 3741 476 3809 ΙῚ),
491 3757 509 3795 a
523 3738 615 3815 poetis
640 3738 757 3796 serioris
781 3739 915 3816 temporis
930 3736 1078 3816 magnifice

60 3830 228 3880 exornatum
251 3841 317 3881 esse
339 3833 560 3880 consentaneum
583 3834 646 3893 est,
669 3818 837 3901 praesertim
860 3824 884 3881 oi
900 3821 1078 3894 consideret,

59 3904 250 3965 etiam'artem
272 3907 326 3965 luoc
348 3917 541 3984 argumentum
564 3917 629 3983 tnnc
655 3918 794 3967 tractasse
819 3908 869 3982 (el.
892 3907 927 3967 ll.
945 3906 1077 3967 lloclrett.

60 3988 138 4049 ΙΙοιι.
154 3990 231 4050 lull.
247 4011 275 4070 p.
291 3995 329 4053 31
349 4012 410 4072 sqq.
425 3990 539 4050 llttller.
555 3991 633 4050 arch.
651 3993 666 4069 ἕ
682 3996 755 4062 373,
771 3996 814 4062 3).
849 3996 908 4053 ltus
928 4003 1076 4065 saturum,

59 4086 93 4134 ut
116 4074 233 4135 Horatio
256 4084 335 4157 (epp.
361 4077 383 4147 Ι,
401 4080 451 4146 10,
475 4081 525 4150 ΙΙ)
550 4088 581 4136 et
595 4076 718 4136 Martiali
744 4076 805 4151 (ΙΙΙ,
821 4083 872 4148 47,
890 4078 924 4160 6)
948 4078 1076 4150 beatum,

60 4160 143 4219 uobis
157 4172 312 4240 geregnet,
329 4174 368 4234 et,
385 4181 457 4242 qnae
473 4160 508 4220 atl
524 4182 572 4220 rus
588 4163 741 4240 pertinent,
756 4163 880 4235 Palilia,
898 4184 982 4223 sacra
997 4163 1076 4223 Deae

61 4243 148 4317 Palis,
165 4266 200 4306 eo
215 4246 279 4318 die,
302 4268 357 4327 quo
380 4246 468 4305 lloma
483 4245 597 4306 conlita
620 4267 686 4306 esse
710 4247 865 4307 dicebatur.
904 4247 933 4308 lu
950 4270 986 4308 eo
1002 4250 1077 4308 festo

60 4342 177 4410 praeter
192 4343 305 4392 ceteras
321 4333 489 4392 cerimonias
506 4334 583 4390 locui
598 4343 683 4413 atque
706 4333 869 4410 stipularum
896 4353 1014 4394 acervos
1036 4335 1078 4393 iu·

60 4414 221 4477 ccnlelant
236 4419 385 4491 ruricolae,
402 4429 432 4479 et
446 4437 534 4496 super
549 4437 600 4479 eoo
616 4416 765 4489 saliebant,
779 4417 852 4479 nntle
860 4416 1078 4498 sumosajoeuo

102 4522 220 4563 neuton.
849 4509 867 4566 7
