2574 5054
474 368 486 383 -Ι

232 402 248 417 ἰ

248 444 255 457 Ι

490 406 508 469 “t

304 774 438 840 sutton.
450 779 506 844 All
522 777 607 842 Slt'l'.
622 778 670 855 lll,
685 782 837 846 31-39.
1016 777 1082 847 299

227 950 396 1011 lla‘aesirctsss
409 961 467 1011 aut
474 952 600 1031 perdum
613 971 714 1031 nepos.

58 1034 117 1098 vu
130 1031 312 1109 discinctum,
326 1037 445 1097 obesum
459 1047 491 1097 et
503 1038 693 1097 ventricosum
707 1037 833 1111 inuria,
854 1038 919 1119 quia
933 1038 1010 1118 cingi
1024 1058 1081 1100 uon

57 1122 160 1204 possit.
186 1119 259 1181 Nam
282 1123 318 1181 ob
340 1120 537 1201 pinguedinem
558 1123 720 1185 incanuisse
743 1124 816 1184 bunc
837 1123 939 1185 Natam
953 1122 1080 1186 induxits

59 1204 135 1290 qnod
148 1216 246 1289 potest
258 1207 295 1267 ab
298 1207 430 1313 floralis
440 1214 452 1250 ¹
464 1206 557 1269 sideri
571 1209 755 1283 translatum,
771 1211 818 1290 qni
833 1211 891 1271 ait:

644 1314 743 1372 sogor
761 1297 840 1354 oliuo

151 1316 307 1523 [osefa
313 1375 474 1457 fraudatis
488 1380 651 1440 immundus
665 1382 747 1440 Nutu
763 1381 902 1441 soemo.

57 1461 144 1544 Apud
170 1462 235 1523 ntru
263 1482 319 1546 qno
345 1474 439 1524 tamen
466 1462 543 1527 Nata
562 1484 665 1526 nomon
687 1466 781 1525 ictum
803 1476 859 1526 est.
894 1463 953 1525 Alii
981 1472 1081 1545 putant

57 1548 162 1611 Natam
177 1548 267 1611 inisse
283 1546 422 1630 quendam
437 1549 629 1624 luxuriosum,
644 1552 692 1632 qui
706 1552 903 1630 patrimonium
918 1570 999 1612 suum
1013 1569 1081 1629 pon·

57 1631 180 1707 diderit,
194 1645 226 1695 at
239 1634 412 1696 nobilitatem
427 1636 501 1696 malo
515 1634 635 1696 vivendo
651 1638 846 1716 extnrpaverit
859 1642 883 1697 ¹.

146 1722 198 1783 32.
220 1723 282 1781 Sed
293 1730 394 1802 stupet
408 1721 457 1780 lss‘c
470 1722 550 1781 otto.
581 1719 640 1782 Sed
655 1723 700 1782 bic
715 1722 842 1782 incalluit
862 1732 893 1783 et
915 1732 972 1781 tam
987 1720 1080 1782 crassi

57 1802 156 1866 cordis
170 1816 233 1879 est,
247 1816 280 1866 ut
292 1825 417 1887 peccare
432 1824 465 1867 se
481 1826 537 1867 oon
552 1809 658 1883 sentiat
677 1818 709 1867 et
730 1808 820 1868 semel
844 1826 955 1868 messus
970 1808 1082 1867 nesciat

58 1910 228 1970 emergere,
250 1890 279 1951 id
294 1902 339 1953 est
352 1912 370 1951 a
384 1892 467 1951 malis
482 1892 542 1951 auis
557 1890 593 1951 sd
607 1892 683 1952 bona
696 1895 769 1953 verti
784 1913 839 1952 uon
861 1896 972 1972 possit,
993 1893 1081 1954 misc·

57 1977 157 2039 rabilis
171 1978 279 2056 magis,
302 1997 384 2059 quam
399 1973 682 2057 reprehendendus⁸.

144 2065 187 2125 34
202 2082 245 2143 sq.
269 2065 311 2124 Et
329 2065 393 2122 ulto
412 2064 574 2124 &massa
610 2063 671 2123 lloc
690 2061 774 2124 dicit:
797 2064 872 2124 sicut
884 2064 922 2136 ii,
942 2082 1014 2143 quos
1028 2081 1082 2122 vo·

59 2166 131 2227 rago
152 2166 279 2209 coenosa
300 2148 454 2220 absorbet,
481 2168 535 2208 non
562 2150 674 2208 remissi
702 2149 738 2209 ab
759 2149 817 2209 alta
838 2148 974 2209 undarum
996 2148 1080 2208 leuco

58 2232 211 2307 ebulliunt,
234 2235 274 2293 ita
295 2234 348 2293 bos
368 2253 499 2316 quoque,
527 2254 597 2315 qnos
621 2233 781 2313 magnitudo
803 2236 948 2295 criminum
970 2235 1081 2306 mersit,

57 2337 181 2380 necasse
196 2330 243 2380 ast
256 2320 385 2379 vitiorum
401 2320 475 2379 mole
490 2330 626 2398 gravatos
642 2322 756 2381 nescire
786 2318 926 2402 quomodo
947 2321 1081 2381 virtutem

58 2415 233 2485 agnoscant,
253 2405 300 2465 vel
315 2426 370 2486 qua
385 2415 447 2465 arte
462 2404 620 2466 sceleribus
635 2416 762 2466 careant.

144 2494 195 2553 35.
217 2491 330 2569 dlugse
340 2500 433 2571 puter
447 2492 553 2551 dt'cum.
586 2491 623 2552 Ut
638 2490 787 2563 ostendat,
810 2489 876 2572 qnid
890 2490 954 2551 mali
969 2491 1080 2571 patian-

57 2586 120 2647 tur,
135 2577 181 2656 qui
197 2596 259 2636 cunr
275 2586 450 2655 cognoscant
464 2586 494 2636 ct
508 2575 624 2637 videant
636 2578 738 2637 bonam
753 2579 855 2650 vitam
871 2578 971 2637 malam
986 2588 1080 2637 tamen

57 2672 231 2743 sequuntur,
253 2663 298 2722 bic
314 2673 448 2741 precatur
461 2661 575 2736 lovem,
597 2673 629 2722 nt
642 2672 797 2743 tyrannos,
821 2664 919 2723 bootes
940 2663 1081 2743 publicos,

56 2747 111 2808 bac
131 2767 224 2827 poena
245 2748 369 2821 alliciat,
392 2766 454 2807 cunr
471 2747 611 2820 vindicat,
634 2758 665 2808 ut
686 2751 775 2809 iaciat
796 2768 848 2808 eos
864 2747 962 2809 vidore
978 2749 1080 2808 bonam

56 2834 143 2893 vitam
164 2844 195 2894 st
217 2834 326 2913 gloriae
350 2832 538 2914 probitatem,
561 2854 615 2895 occ
636 2845 730 2895 tamen
752 2845 926 2915 sequantur,
951 2835 1081 2913 possessi

57 2920 168 2979 actibus
184 2920 287 2999 pravis.
316 2919 395 2998 Ergo

143 3008 196 3068 36.
220 3007 302 3065 duod
316 3007 378 3065 ulau
393 3005 529 3077 ratione,
550 3023 606 3063 non
630 3002 757 3065 dissimili
772 3023 926 3084 poenarum
941 3001 1080 3064 conditio·

56 3107 110 3162 ne,
131 3109 213 3170 quant
234 3101 264 3149 ut
278 3092 410 3150 virtutem
425 3100 615 3167 cognoscant,
637 3102 667 3150 et
688 3092 828 3168 cognitam
845 3088 991 3150 deserant.

61 3176 134 3235 Cant
154 3177 222 3236 diro
244 3176 352 3247 labello,
375 3173 403 3234 id
425 3185 488 3246 est,
510 3194 573 3234 cunr
596 3171 754 3254 malignitas
778 3194 874 3235 eornm
896 3187 927 3236 et
940 3172 1078 3253 cupiditas

55 3279 144 3340 prava
160 3262 335 3332 surrexerit,
350 3260 397 3323 vel
412 3279 500 3338 prona
514 3260 645 3319 voluntas
660 3263 738 3321 circa
754 3260 908 3340 quamlibet
922 3279 993 3319 rem.

143 3350 194 3409 37.
215 3347 360 3406 Feruentt'
380 3348 473 3405 ttirctu
496 3365 616 3405 vesteno.
653 3345 736 3405 Nunc
758 3347 843 3405 animi
865 3364 1003 3405 venenum
1026 3344 1077 3417 ait,

55 3427 121 3491 ideo
137 3431 271 3492 ferventi.
293 3430 537 3508 *bletapbora
558 3452 576 3491 a
597 3428 699 3504 lana,
721 3450 818 3513 quoe
839 3428 1077 3511 corruptaad

56 3516 258 3596 pristinum
281 3517 446 3577 colorem
468 3517 619 3576 roverti
640 3537 707 3577 non
730 3522 892 3595 potsse*

143 3605 183 3665 39
199 3621 261 3681 sqq.
285 3606 374 3662 Anne
395 3603 492 3680 magas
515 3602 621 3661 Siculi.
658 3600 704 3662 An
720 3602 830 3663 maiora
846 3611 988 3661 tormenta
1001 3602 1080 3681 passi

56 3697 122 3746 sunt
143 3688 179 3758 ii,
207 3707 277 3767 quos
298 3686 427 3746 Phalaris
449 3685 698 3766 Agrigentinorum
722 3699 859 3768 tyrannus
883 3699 966 3746 tauro
987 3707 1080 3748 aeneo

55 3771 207 3853 torquebat
221 3772 361 3846 inclusos3
383 3792 420 3832 an
435 3775 551 3851 gravior
565 3772 722 3833 sollicitudo
737 3773 939 3835 Democratem
957 3774 973 3812 ⁴
987 3773 1079 3852 pbilo-

56 3990 153 4046 lllor.
172 3998 223 4043 sat.
245 3989 433 4058 1‚o‚ttasq.

55 4061 74 4116 2
91 4063 295 4128 exstirpaverut
314 4060 355 4110 ud.
372 4075 412 4125 pr.

56 4128 74 4182 3
90 4128 119 4181 ln
131 4130 186 4181 eod.
201 4129 261 4180 Par.
275 4128 344 4181 8272
356 4127 602 4180 suessionenses:
623 4126 758 4194 „Pingua
769 4128 917 4195 pinguetum
929 4126 1009 4181 babet
1021 4144 1075 4191 cor,

88 4197 146 4250 ideo
164 4214 214 4250 non
231 4203 308 4248 curat
325 4197 428 4262 legem
447 4197 585 4263 pinguedo
602 4199 669 4249 enirn
694 4213 743 4247 non
761 4204 802 4249 est
819 4195 950 4249 Latinum.
979 4197 1076 4261 Pingue

91 4268 158 4319 enim
176 4283 221 4319 cor
239 4266 353 4317 homines
371 4264 434 4317 lacit
451 4265 572 4331 hebetes,
591 4267 658 4332 quod
676 4266 812 4333 probamus
829 4281 861 4317 ex
879 4282 986 4332 onagro.
1010 4266 1076 4319 llam

89 4352 186 4401 onager
209 4334 303 4387 ceteris
328 4334 483 4386 animalibus
506 4349 552 4387 cor
576 4335 654 4389 babet
677 4335 812 4403 pinguius,
844 4343 872 4387 st
893 4335 952 4389 ideo
969 4334 1077 4389 stultior

88 4406 207 4456 omnibns
224 4419 281 4454 esse
294 4403 434 4455 videtur.“
1128 4414 1131 4421 ’

54 4473 276 4527 lDemocrs'tum
293 4471 354 4525 Vin.
864 4482 1212 4774 Λ
