2574 5054
10 39 1216 325 —

401 747 765 814 contunduntur.
989 773 1095 815 curru

74 918 310 985 linrltndico.
341 916 454 983 Editor
473 917 526 984 Io.
542 917 747 985 Bonordus
762 918 915 985 Sacerdos
932 919 1095 986 Veronen-

72 1025 114 1087 sis
142 1023 175 1086 in
204 1021 292 1086 brevi
321 1022 449 1106 epistola
478 1023 516 1086 nd
537 1023 613 1088 clar.
637 1025 718 1088 dom.
742 1023 895 1106 Angelum
916 1022 1095 1087 Marcellum

71 1146 172 1208 magn.
195 1123 354 1208 patricium
375 1119 529 1189 Venetonr
550 1146 646 1210 pauco
672 1126 748 1189 hoec
771 1136 892 1189 mouet:
915 1160 958 1173 -
979 1125 1097 1191 Nullus

71 1229 201 1313 dignior
221 1228 324 1304 onus,
350 1228 404 1290 cui
421 1226 661 1291 iocuorb'ceimor
681 1226 738 1291 dos
760 1227 882 1291 luderes
897 1248 982 1292 mcor
1003 1228 1039 1290 id
1051 1238 1099 1292 eet

75 1329 249 1396 Cornutum
278 1328 520 1395 eruditissimum
548 1330 658 1394 Porcii
681 1331 763 1394 ontis
786 1339 1024 1414 praeceptorem
1060 1352 1098 1393 ac

71 1432 207 1497 eiusdem
230 1431 432 1514 interpretem
451 1428 641 1513 fidnotnom
670 1433 725 1495 diu
745 1453 887 1495 ornncum
910 1432 1046 1496 locorum
1068 1443 1100 1494 et

70 1546 243 1619 temporum
271 1533 396 1596 &curia
428 1531 631 1620 undecunque
659 1533 946 1619 depravatissimum
968 1554 1099 1618 operoru

70 1637 232 1701 industriis
260 1655 330 1697 men
358 1635 392 1696 in
416 1636 589 1719 pristinum
617 1634 800 1710 candorem,
832 1645 982 1721 quantum
1000 1638 1100 1700 ·-licoit

28 1726 33 1743 ⁹
71 1739 231 1802 redactum
248 1735 404 1814 dicarem
431 1737 492 1800 sud
508 1747 623 1823 tuoque
640 1740 761 1801 nornine
775 1737 1015 1823 diligentissimo
1030 1739 1100 1802 ciro

71 1841 121 1905 Io.
141 1840 285 1907 Tucnino
300 1837 534 1922 rinpriorcndum
550 1838 680 1903 tradidi.
710 1837 840 1916 Codex,
864 1859 921 1922 qno
938 1837 1100 1904 Bonardus

72 1964 144 2007 osus
160 1951 227 2016 est,
251 1939 331 2004 ultro
346 1940 467 2004 modum
482 1941 601 2006 lacunis
616 1951 649 2006 et
669 1940 787 2005 mendis
811 1942 955 2024 cuiusque
978 1942 1100 2024 generis

72 2055 212 2128 turpatus
236 2040 313 2119 tuit,
336 2061 395 2106 nec
419 2042 485 2106 eius
506 2063 616 2127 mngna
638 2042 670 2104 in
693 2043 783 2106 codd.
808 2041 970 2106 versandis
992 2041 1100 2127 peritia

73 2144 167 2208 tuisse
189 2144 334 2219 ridetur,
363 2163 432 2206 nem
456 2152 516 2207 tom
536 2144 671 2208 lacerato
691 2143 722 2206 in
746 2144 803 2207 hoc
824 2143 959 2208 editione
985 2143 1100 2208 scholio

73 2255 271 2329 comparent,
287 2253 321 2307 nt
335 2245 429 2309 multo
443 2244 528 2328 plum
545 2246 626 2309 omni
644 2265 738 2309 senso
754 2245 896 2308 destituto
910 2245 990 2323 sint,
1014 2266 1102 2328 quom

73 2367 150 2432 quoe
166 2345 293 2427 intelligi
309 2358 432 2428 queant.
466 2344 585 2410 Tamen
608 2347 682 2411 hoec
698 2347 790 2410 editio
806 2348 929 2410 multum
946 2347 1017 2409 mihi
1033 2368 1102 2431 pro-

73 2453 148 2525 luit,
174 2469 245 2511 nam
260 2448 344 2531 ipsae
359 2448 551 2532 corruptelae
566 2470 704 2533 magnam
723 2458 837 2533 portem
853 2448 895 2512 itu
912 2460 1103 2531 comparatae

73 2563 166 2628 suot,
188 2561 222 2614 nt
237 2560 350 2614 certum
366 2551 588 2614 emendationis
601 2552 681 2614 viam
703 2560 893 2627 monstrent,
915 2561 945 2613 et
961 2571 1036 2613 sono
1052 2550 1103 2613 nd-

75 2654 170 2717 tibin
186 2651 307 2717 ratione
323 2672 414 2737 saepe
430 2673 521 2716 veros
536 2653 686 2717 lectiones
701 2652 864 2730 exhibeat,
882 2653 913 2715 in
929 2653 996 2715 aliis
1012 2652 1101 2716 codd.

76 2768 108 2821 et
121 2756 194 2820 edd.
213 2753 415 2819 oblitteratas.
443 2752 549 2838 ltaque
564 2755 591 2818 si
606 2755 732 2818 editoris
748 2776 906 2840 operosam
923 2755 1102 2819 industriam

77 2879 139 2922 non
162 2867 309 2934 eatenus,
331 2878 388 2941 qno
409 2857 461 2922 ille
485 2857 621 2941 putavit,
643 2857 769 2921 laudare
794 2878 972 2942 possumus,
1002 2869 1102 2921 tomen

77 2961 106 3024 id
122 2960 203 3043 grati
218 2959 432 3042 agnoscimus,
456 2960 534 3042 qnod
558 2960 688 3023 fideliter
706 2960 863 3037 exhibuit,
888 2980 963 3042 quoe
979 2982 1020 3022 ex
1036 2960 1103 3023 cod.

77 3084 134 3126 suo
162 3059 316 3145 expiscari
338 3061 447 3145 potnit.
478 3058 611 3126 Secutus
633 3073 680 3125 est
702 3061 814 3126 Elias
838 3061 1029 3139 Vinctus,
1058 3063 1106 3144 qui

79 3177 111 3229 nt
126 3165 293 3250 sunniam
308 3163 456 3241 vidimus,
480 3162 643 3228 editionem
660 3165 824 3250 principem
841 3186 901 3227 non
919 3164 1022 3242 novit,
1040 3184 1106 3226 conr

80 3265 218 3331 Pictoris
233 3267 311 3350 apud
327 3265 558 3348 Engnilbertum
573 3265 755 3331 Marnelium
775 3288 804 3329 c.
825 3263 907 3328 1563
923 3268 1018 3329 lormn
1035 3286 1108 3348 qun·

82 3372 170 3433 druto
186 3367 297 3453 publici
313 3367 387 3431 iuris
403 3366 476 3431 fecit
491 3365 607 3432 Lucii
629 3368 782 3431 Annaei
799 3365 972 3432 Cornuti
989 3389 1108 3449 grom-

82 3470 220 3535 nutici
243 3467 793 3552 antiquissimiCommentum
816 3471 852 3533 in
870 3468 959 3533 Auli
976 3466 1108 3532 Persii

84 3572 225 3636 Flacci
248 3582 427 3657 satyras,
460 3592 561 3635 nunc
591 3573 750 3656 primum
782 3571 921 3635 toronis
951 3571 1108 3635 editum.

84 3672 113 3739 lo
138 3676 170 3737 in
195 3673 381 3758 praelatione
404 3673 441 3737 de
465 3672 606 3738 subsidiis
636 3675 699 3738 suis
731 3675 807 3738 lroec
836 3673 942 3737 habet:
981 3672 1111 3736 Nostris

83 3774 319 3860 exemplaribus
332 3778 397 3839 ocio
412 3774 494 3838 nitot
505 3777 641 3839 incente·
647 3798 743 3860 posse
758 3776 952 3860 corruptius.
969 3775 1112 3838 Fuerunt

83 3889 187 3941 nutem
209 3877 289 3940 doec
311 3878 394 3952 tria,
418 3899 550 3963 quorum
565 3895 659 3940 unum
674 3900 731 3941 noe
752 3888 783 3941 et
800 3876 981 3941 Guitielmor
995 3875 1111 3939 Murti-

83 4002 141 4044 nur
158 3979 338 4052 Volturnus,
361 3979 554 4044 clmucsziunc
575 3982 712 4044 ciuitatis
733 3979 980 4063 Burdigulcnsir
998 3999 1111 4061 procu—

84 4093 196 4156 rator,
227 4080 333 4168 Aquis
355 4081 498 4168 Angelis
520 4085 552 4146 in
575 4093 699 4146 uetusta
721 4080 856 4144 librario
883 4102 964 4143 correo
994 4078 1116 4144 Clrae'sti

83 4184 261 4251 ttDXLV
277 4204 506 4269 reponeremus.
537 4182 685 4248 Alterum
707 4184 875 4248 diiunctioni
893 4183 1018 4246 Berouc
1033 4180 1113 4245 Sou-

85 4289 244 4362 toucncrir,
267 4287 395 4349 tertium
409 4285 541 4349 Ioannis
555 4284 754 4350 Artoamtonis
769 4284 914 4348 Aruerni
920 4285 996 4368 suit.
1029 4284 1114 4364 (irene

86 4393 192 4476 mugio
208 4390 299 4453 curin
314 4389 346 4452 in
369 4410 427 4452 con
447 4387 560 4452 mentio
582 4386 854 4474 dromrlrmrdimuo,
877 4408 968 4473 qucum
992 4385 1115 4448 ‹Iioeruu
