2574 5054
203 716 269 784 210
508 717 592 780 SA'l'.
607 718 658 792 Vl,
674 719 949 781 ARGUMENTUM.

205 890 246 952 Se
260 894 315 951 iam
326 890 435 951 Lunam
450 891 612 950 secessisse
627 891 722 970 ibique
738 892 857 969 egregio
872 891 927 950 loci
943 891 1009 962 situ,
1026 911 1108 970 quem
1124 890 1228 950 Ennius

206 980 261 1037 iam
284 977 393 1037 civibus
415 979 474 1035 suis
497 975 753 1048 commendaverit,
773 975 918 1054 gaudere,
949 975 985 1036 de
1007 977 1123 1057 reliquis
1146 977 1229 1036 rebus

206 1082 338 1122 securum
354 1072 385 1122 et
399 1073 578 1131 contentum,
599 1063 709 1120 etiarnsi
724 1062 822 1120 omines
838 1061 981 1140 peioribus
996 1064 1051 1120 orti
1066 1063 1169 1122 melius
1183 1064 1230 1121 lm·

205 1150 311 1208 herent
326 1157 367 1221 (v.
384 1152 512 1219 6—17).
542 1148 647 1206 Veram
663 1168 717 1205 non
735 1151 774 1205 ita
789 1167 887 1206 omnes
903 1149 1044 1218 sentiunt,
1065 1148 1112 1207 liic
1127 1149 1230 1226 tripar-

206 1254 258 1294 cus
273 1244 336 1305 est,
352 1233 399 1292 ille
416 1231 562 1311 prodigus.
587 1232 662 1292 Sane
679 1232 770 1302 bonis,
786 1253 859 1312 qnae
875 1235 936 1311 quis
955 1232 1059 1304 habet,
1076 1233 1232 1293 liberaliter

206 1318 339 1378 utendum
361 1329 423 1390 est,
456 1337 547 1396 neque
570 1327 664 1378 tamen
688 1319 832 1377 luxuriose
855 1316 1002 1377 vivendum
1027 1322 1230 1390 (1.18-24).

206 1404 324 1464 Annuas
349 1404 447 1481 fruges
471 1422 574 1462 secure
599 1414 719 1482 possunt
733 1406 877 1475 consumi,
901 1423 962 1462 cum
979 1423 1068 1462 novus
1084 1423 1175 1463 annus
1189 1405 1230 1461 iu·

208 1488 317 1549 dustrio
340 1490 426 1548 etiam
450 1509 537 1547 novos
560 1489 669 1548 fructus
692 1489 809 1560 afferat,
832 1500 862 1548 et
885 1491 909 1546 si
931 1491 1021 1547 amico
1036 1487 1164 1561 cuidam,
1188 1490 1231 1568 qui

209 1576 359 1651 naufragio
375 1594 427 1632 sua
442 1577 534 1632 omnia
548 1573 680 1651 perdidit,
696 1573 917 1634 succurrendum
926 1594 994 1633 esse
1007 1574 1086 1634 iubet
1101 1575 1232 1644 officium,

206 1662 271 1739 plus
287 1662 372 1718 etiam
388 1658 546 1720 laciendum
563 1670 626 1730 est,
649 1671 679 1719 et
700 1679 748 1719 res
772 1660 917 1719 familiaris
932 1657 1120 1719 imminuenda
1136 1662 1179 1742 (v.
1192 1664 1232 1722 25

208 1750 317 1818 —33).
341 1745 433 1804 Heres
450 1745 562 1824 quidem
578 1747 667 1804 iratus
683 1745 757 1803 iusta
774 1746 881 1805 funeris
897 1765 984 1825 parce
1001 1756 1107 1804 tautum
1124 1745 1233 1823 persol-

209 1843 274 1902 vet,
291 1851 344 1888 nec
359 1830 490 1908 probabit
505 1829 616 1889 vivendi
632 1832 782 1900 rationem,
798 1851 880 1910 quam
897 1832 1042 1909 sequeris,
1057 1832 1151 1890 etalii
1167 1851 1234 1910 quo

210 1935 264 1994 que
281 1916 424 1985 homiues,
449 1917 530 1973 nimis
545 1917 651 1995 antiqui
667 1927 697 1973 et
711 1917 823 1987 severi,
847 1917 985 1975 luxuriem
1001 1927 1032 1976 et
1047 1914 1158 1975 Graeca
1174 1927 1233 1974 arte

210 2012 371 2079 corruptam
394 2003 478 2059 vitain
502 2001 654 2078 culpabunt
677 2008 715 2075 (v.
730 2004 880 2073 :to-40).
911 2001 992 2060 Talia
1015 2012 1107 2061 autem
1131 1999 1233 2059 iudicia

211 2098 410 2166 postmortem
426 2088 489 2165 quis
505 2090 607 2145 curet?
635 2087 675 2144 At
690 2106 752 2144 cum
768 2085 876 2146 herede
892 2087 1022 2146 severius
1036 2085 1177 2164 agendum
1192 2097 1235 2144 cst

211 2181 252 2244 (v.
267 2176 306 2233 41
323 2178 394 2251 sq),
411 2173 505 2250 itaque
521 2192 585 2230 cum
600 2191 635 2230 eo
651 2173 708 2230 tale
724 2172 893 2251 colloquium
908 2173 1036 2231 instituit.
1059 2172 1234 2249 „Egregium

211 2257 411 2335 triumphum,“
426 2260 482 2327 ait,
505 2257 635 2327 „Cacsar
649 2255 684 2314 dc
702 2255 850 2316 Germanis
865 2268 981 2316 acturos
997 2268 1058 2316 estc
1075 2277 1164 2337 quare
1181 2276 1235 2334 ego

211 2343 303 2401 lactus
318 2341 504 2419 gladiatorum
521 2363 618 2400 1111111111
635 2341 734 2412 edam,
757 2353 787 2402 et
808 2343 899 2401 oleum
916 2354 1000 2422 atque
1015 2344 1235 2402 uiscerationem

211 2429 314 2506 populo
330 2425 413 2485 dabo.
437 2425 527 2499 Quid,
543 2448 607 2487 num
623 2439 652 2485 tu
668 2427 841 2506 prohibesl“
858 2432 1056 2502 (uta-51).
1079 2427 1147 2487 Cum
1163 2427 1236 2487 alter

211 2512 430 2590 indignationem
447 2524 530 2571 cauta
545 2514 733 2593 responsione
748 2533 804 2571 non
819 2515 910 2591 possit
925 2513 1038 2583 celare,
1061 2514 1157 2591 pergit
1171 2512 1235 2572 ille:

213 2598 340 2667 „Attrita
363 2598 475 2677 quidem
497 2618 545 2657 res
568 2617 632 2656 mea
655 2609 719 2668 est,
741 2597 793 2658 sed
816 2598 918 2668 facile,
943 2600 966 2656 si
982 2598 1118 2657 heredem
1132 2599 1236 2657 nullum

213 2683 305 2741 habeo
321 2702 358 2741 ex
373 2686 487 2760 agnatis
496 2695 525 2743 et
541 2685 681 2762 cognatis,
697 2684 836 2743 inveniam
844 2684 961 2743 Ariciae
975 2683 1098 2742 llauium
1115 2683 1236 2763 aliquem

211 2771 287 2827 inter
309 2788 451 2847 pauperes
474 2780 504 2828 et
519 2769 682 2841 mendicos,
703 2789 819 2848 qnorum
836 2779 914 2827 tauta
929 2769 967 2828 1111
982 2770 1064 2846 copia
1080 2779 1127 2828 est
1142 2775 1182 2839 (v.
1197 2773 1233 2830 st

212 2857 321 2925 —56).
354 2853 384 2911 Si
409 2865 437 2912 tu
460 2855 598 2925 obiicias,
621 2874 686 2912 esse
709 2854 784 2912 illum
807 2854 956 2913 obscurum
974 2866 1003 2913 et
1018 2854 1188 2931 ignobilem,
1210 2851 1238 2911 id

213 2958 268 3016 ego
285 2960 338 2996 aon
354 2959 440 3010 curo,
457 2960 518 2997 uam
534 2959 626 2999 merim
642 2959 753 3019 quoquo
769 2959 874 3017 genus,
890 2941 915 2997 si
930 2941 1014 2998 altius
1031 2939 1187 3009 ascendas,
1203 2936 1238 2996 ad

213 3025 338 3101 ignotum
354 3027 473 3103 aliquem
490 3023 680 3084 reducendum
696 3035 751 3096 est,
768 3046 785 3083 a
800 3045 854 3103 quo
870 3025 937 3083 nihil
954 3024 1164 3083 dillertlllanius
1179 3023 1238 3082 ille.

215 3108 287 3182 Quid
303 3120 349 3180 tu,
366 3130 420 3168 uon
437 3121 519 3188 potes
535 3123 723 3188 exspectare,
740 3108 803 3168 dum
819 3130 875 3188 ego
891 3111 941 3169 tibi
957 3109 1084 3180 tradam,
1099 3129 1173 3189 quae
1189 3108 1238 3167 tibi

213 3194 368 3253 donaturus
385 3198 466 3253 sumt
489 3194 627 3275 Quicquid
643 3194 670 3253 id
686 3197 756 3265 erit,
773 3195 848 3274 qnod
863 3215 919 3273 ogo
936 3197 985 3254 tibi
1000 3196 1175 3274 relinquam,
1190 3194 1240 3253 tibi

213 3283 240 3339 in
257 3281 336 3339 lucro
353 3279 510 3357 ponendum
527 3292 587 3352 est,
603 3291 633 3339 et
648 3290 677 3338 tu
692 3282 728 3338 iis
743 3290 893 3339 contentus
910 3300 977 3339 esse
994 3278 1119 3340 debes.“
1141 3280 1183 3356 (v.
1198 3284 1239 3341 57

213 3370 324 3435 -63).
348 3367 406 3437 At,
428 3367 541 3443 reponit
557 3366 622 3435 illc,
646 3376 676 3424 tu
692 3367 878 3424 comminuisti
894 3386 964 3424 rcm.
987 3365 1100 3437 „dlearn
1117 3366 1241 3434 scilicet,

214 3471 269 3509 non
292 3462 385 3523 tuam,
411 3471 472 3509 uam
490 3450 620 3530 quicquid
636 3453 779 3530 accipies,
795 3451 845 3508 tibi
861 3453 1002 3527 integrum
1018 3452 1083 3510 erit.
1111 3450 1189 3510 Nihil
1204 3448 1240 3508 ad

215 3547 261 3607 te,
285 3537 308 3594 si
332 3555 534 3606 consumscro,
555 3535 629 3616 quod
650 3537 721 3594 alius
737 3535 847 3615 quidem
867 3536 933 3593 milri
950 3536 1072 3613 legavit,
1095 3536 1119 3594 si
1136 3535 1241 3593 motari

215 3627 379 3700 pecuniam,
403 3623 428 3679 si
449 3633 557 3679 sumtus
581 3622 669 3680 leci.“
700 3622 807 3680 Verum
830 3622 895 3679 nihil
919 3622 1058 3699 reliquum
1079 3622 1150 3680 crit!
1175 3619 1241 3691 „Tu

215 3726 286 3785 ergo
308 3727 362 3764 non
385 3716 534 3764 contentus
559 3708 639 3764 crisi
667 3708 721 3765 iam
745 3707 846 3764 lautius
863 3708 947 3764 etiarn
964 3698 1070 3764 vivaml
1093 3703 1157 3763 Non
1174 3723 1241 3782 ego,

215 3802 245 3849 ut
261 3791 346 3850 heres
369 3811 448 3849 meus
464 3793 547 3850 vitam
564 3811 653 3868 agere
667 3793 760 3870 possit
775 3794 894 3870 opimam
915 3803 946 3849 et
966 3791 1153 3861 luxuriosam,
1174 3809 1242 3867 par·

215 3897 266 3934 cus
282 3878 405 3935 vivam.“
428 3875 469 3957 (v.
484 3880 634 3947 tto—74).
666 3877 720 3949 Qui
744 3879 816 3935 enirn
840 3878 959 3935 avaritia
975 3876 1102 3947 laborat,
1129 3876 1154 3934 is
1170 3895 1241 3933 nun·

216 3981 298 4040 quam
314 3963 384 4020 satis
400 3961 530 4032 habehit3
552 3982 607 4041 quo
624 3962 685 4040 plus
701 3964 847 4041 acquiret,
863 3981 899 4020 eo
915 3962 994 4038 plura
1011 3962 1123 4038 cupiet,
1139 3970 1169 4019 et
1185 3969 1241 4018 tam

215 4047 301 4106 facile
324 4047 476 4125 Chrysippi
497 4067 629 4107 acervum
653 4047 733 4106 linire
755 4049 866 4126 possis,
889 4067 971 4127 quam
993 4046 1074 4104 huius
1094 4042 1241 4124 cupiditati

217 4132 300 4190 linem
316 4151 423 4210 ponere
440 4143 478 4207 (1.
495 4136 643 4205 75-80).

302 4322 328 4359 v.
359 4305 485 4363 t—t7.
529 4304 673 4362 Admovit
704 4305 762 4362 iam
793 4302 915 4374 dromo,
953 4299 1015 4361 dios
1056 4300 1241 4360 brevissimus

218 4385 315 4458 (Vara.
332 4385 367 4446 L.
383 4386 418 4446 L.
436 4385 486 4457 Vl,
501 4391 552 4459 8),
568 4388 658 4447 hiems
673 4387 756 4461 (1111.
775 4405 863 4449 earm.
879 4387 929 4459 lV,
946 4393 976 4459 7,
995 4390 1058 4460 12),
1082 4396 1110 4444 te
1129 4385 1242 4445 Subura
