2574 5054
384 772 652 836 ARGUMENTUM
697 771 859 834 sarman
890 774 912 833 l.
1114 768 1156 834 73

134 946 265 1005 veritatis
280 945 306 1005 ri
323 946 431 1006 animos
446 957 649 1007 commoveant.
674 943 766 1018 Quttt
781 942 855 1025 quod
870 963 906 1002 co
921 941 1050 1022 procedit
1066 945 1155 1022 turpi·
1178 960 1187 983 r

117 1028 213 1102 ‘tudo,
228 1041 259 1089 ut
274 1032 320 1110 qui
334 1033 494 1109 gravissimi
510 1029 634 1091 criminis
650 1041 801 1090 accusatus
817 1030 863 1100 sit,
878 1048 935 1087 non
950 1048 983 1088 se
998 1026 1155 1088 defendere

134 1115 259 1186 studeat,
275 1114 326 1175 sed
341 1136 427 1176 aures
450 1115 606 1176 auditorum
630 1115 720 1176 doctis
736 1117 834 1194 liguris
849 1114 988 1184 mulceat,
1012 1124 1042 1172 ut
1058 1112 1155 1174 laude·

133 1213 180 1261 tur
194 1211 333 1280 tamquam
349 1213 448 1262 orator
462 1205 581 1281 peritus,
596 1204 675 1281 quasi
689 1204 723 1273 is,
739 1204 785 1280 qui
794 1199 937 1260 mendicus
950 1218 1044 1258 assem
1053 1200 1156 1277 poscit,

133 1308 188 1346 non
204 1284 436 1358 misericordiam,
457 1308 552 1347 verum
569 1287 693 1346 dolorem
709 1285 879 1357 ostendens,
902 1302 1080 1345 commovere
1096 1295 1156 1343 stu·

133 1369 210 1442 (leat,
227 1370 279 1430 sed
302 1374 448 1450 egregium
471 1384 617 1432 cantorem
639 1392 671 1432 se
696 1383 844 1452 praestare
859 1371 926 1430 velit
949 1377 988 1443 (v.
1003 1373 1154 1441 83-91).

134 1457 267 1530 Quamvis
283 1458 436 1517 artiliciose
459 1460 605 1538 compositi
621 1460 692 1528 sint,
713 1458 838 1536 quamvis
853 1457 974 1515 molliter
988 1457 1076 1514 lluant
1089 1474 1155 1514 ver·

134 1562 195 1612 sus,
212 1553 305 1600 tamen
322 1543 415 1612 nimia,
432 1562 504 1622 quae
528 1542 651 1602 adhibita
675 1552 721 1602 est
736 1562 801 1613 ars,
824 1538 1002 1620 delicataque
1027 1540 1154 1600 luxurior

133 1629 203 1686 satis
220 1627 349 1705 probant,
365 1626 391 1686 id
409 1629 497 1705 ipsum
514 1630 547 1687 iis
564 1627 679 1700 deesse,
695 1626 767 1707 quod
784 1637 895 1705 poetam
908 1627 1031 1696 efficiat,
1046 1627 1155 1684 animus

132 1722 219 1791 atque
234 1714 374 1790 ingenium
391 1732 459 1773 verc
481 1715 639 1792 poeticum,
661 1713 813 1772 masculum
836 1712 939 1783 robur,
962 1712 1060 1770 lervor
1075 1713 1156 1787 iugc·

133 1817 221 1867 uuus,
260 1799 305 1876 qui
328 1817 424 1857 veram
446 1819 500 1856 nou
531 1800 654 1857 fucatam
683 1798 890 1876 simplieitatem
917 1796 1097 1874 amplectitur
1126 1805 1156 1854 et

132 1900 243 1941 summo
266 1880 358 1941 studio
384 1902 545 1961 summaque
569 1885 767 1952 contentione,
798 1902 853 1939 non
878 1881 933 1940 levi
958 1880 1096 1950 artificio,
1125 1878 1155 1937 id

133 1969 248 2045 assequi
270 1965 379 2038 studet,
402 1965 476 2044 quod
498 1969 590 2025 anirno
613 1969 786 2045 propositum
813 1966 900 2024 hahet
922 1972 960 2038 (v.
982 1967 1153 2036 tta-tut).

217 2050 261 2108 Eo
278 2049 351 2109 redit
366 2053 474 2123 oratio,
494 2050 567 2110 unde
591 2071 710 2130 egressa
727 2053 787 2110 luit.
834 2050 864 2109 Si
886 2051 978 2110 omnia
992 2050 1043 2108 titt
1057 2048 1155 2128 displi-

132 2145 211 2207 cent,
226 2136 331 2207 aitille,
346 2156 419 2215 quae
435 2137 513 2207 liunt,
529 2157 580 2195 cur
595 2149 687 2195 tamen
704 2139 866 2216 vituperare
881 2136 974 2195 velist
989 2154 1052 2193 nam
1068 2135 1154 2194 facile

132 2221 263 2292 croniet,
286 2231 317 2279 ut
339 2240 476 2299 proceres
492 2222 541 2281 titt
556 2223 734 2281 irascantur:
758 2221 857 2281 melius
873 2222 958 2299 igitur
973 2221 1030 2280 erit
1044 2231 1153 2279 tacere.

133 2304 220 2377 Saue,
242 2306 267 2364 si
281 2307 319 2364 ita
341 2308 403 2379 vis,
417 2307 505 2384 inquit
520 2307 654 2379 Persius,
680 2309 702 2365 si
727 2325 909 2386 quaecunque
932 2307 1016 2377 liunt,
1039 2305 1154 2384 probari

131 2390 231 2470 iubes,
255 2393 386 2473 optimum
413 2402 459 2451 est
480 2403 579 2452 tacere
603 2400 641 2463 (v.
666 2397 863 2462 107—ttt);
887 2411 982 2449 rerum
1005 2411 1059 2448 non
1084 2391 1156 2448 lecit

130 2477 170 2534 ita
185 2474 322 2547 Lucilius,
338 2496 393 2534 non
410 2478 552 2548 lloratins,
568 2497 660 2558 neque
676 2479 806 2546 omuino,
822 2478 948 2555 quihaec
965 2474 1057 2535 studia
1072 2485 1154 2534 curat

131 2580 221 2639 seque
237 2558 315 2619 adid
331 2572 425 2621 natum
442 2564 545 2634 sentit,
562 2573 592 2621 ut
608 2563 674 2622 talia
698 2565 829 2640 castiget.
875 2560 977 2641 Neque
993 2581 1059 2640 ego,
1075 2562 1153 2639 quic·

132 2644 198 2724 quid
214 2643 294 2717 dicis,
312 2648 431 2718 faciam3
455 2646 507 2706 scd
522 2646 596 2726 quod
619 2668 674 2726 ego
690 2649 716 2705 in
733 2665 871 2726 perverso
893 2666 988 2706 rernm
1003 2657 1076 2705 statu
1092 2646 1153 2704 ani·

132 2729 292 2803 mamerto,
308 2730 335 2789 id
352 2732 447 2791 libello
464 2752 526 2792 meo
542 2743 623 2792 certe
639 2731 818 2803 concredam,
835 2733 858 2791 si
875 2733 977 2791 nemini
992 2732 1038 2791 alii
1055 2731 1153 2790 dicere

132 2836 245 2893 possum
264 2824 301 2887 (v.
319 2822 509 2890 trs-123).
546 2817 648 2897 Neque
665 2829 774 2888 tamen,
791 2820 814 2875 si
830 2837 891 2887 cos,
907 2819 952 2896 qui
969 2817 1082 2875 mollitie
1099 2815 1155 2873 dtt-

131 2903 229 2972 lluuut,
246 2902 355 2960 litteras
372 2915 451 2961 recte
468 2904 567 2962 lovere
590 2924 679 2981 nego,
696 2905 780 2962 hosce
797 2903 902 2981 probo,
918 2904 963 2981 qui
979 2904 1052 2960 omni
1069 2902 1154 2960 animi

130 2987 240 3045 cultura
256 2985 399 3058 destituti,
425 2987 509 3046 rudes
533 3000 561 3047 et
576 2989 709 3065 impoliti,
740 2988 914 3046 Graecorum
936 2986 1026 3047 studia
1050 2985 1153 3056 rident,

131 3072 185 3129 eibi
207 3071 350 3150 plaudunt.
394 3073 458 3131 Mea
483 3075 588 3152 scripta
610 3074 703 3150 leget,
727 3074 884 3152 quicunque
906 3092 975 3131 vero
997 3071 1153 3130 litterarum

130 3154 224 3215 studio
248 3156 347 3215 ductus
377 3158 505 3217 Graecae
528 3158 693 3218 comoediae
719 3170 868 3229 auctores,
890 3178 959 3236 quos
983 3169 1013 3215 ut
1033 3153 1152 3234 egregia

131 3243 261 3320 exempla
278 3261 391 3321 sequar,
415 3246 493 3301 norit
516 3255 545 3303 et
567 3255 699 3302 veretur:
725 3256 839 3302 ceteros
855 3244 921 3301 nihil
944 3263 1014 3301 curo
1030 3260 1152 3319 suasque

131 3328 185 3385 silui
202 3346 249 3385 res
267 3328 372 3386 habere
388 3329 471 3386 iubeo
488 3337 526 3397 (v.
548 3333 735 3401 tta-134).

217 3413 296 3472 llaec
318 3414 461 3472 sullicinnt
485 3415 512 3471 t.
530 3415 549 3472 Ι.
575 3413 609 3472 ad
632 3415 834 3472 sententiarum
857 3411 981 3473 ordinem
1005 3411 1154 3471 declaran-

130 3495 214 3556 dum:
230 3517 302 3576 quae
318 3501 486 3575 gravissima
502 3502 631 3577 quaestio
655 3510 709 3569 est,
734 3498 768 3557 de
785 3501 894 3558 ratione
918 3518 971 3578 qua
987 3499 1154 3556 tractaverit

131 3582 247 3642 Persius
264 3581 382 3642 studium
400 3584 574 3654 litterarum,
597 3585 679 3664 quale
703 3595 768 3643 tunc
784 3585 907 3662 vigebat,
923 3604 956 3644 ea
973 3586 1000 3642 in
1019 3583 1153 3662 prolego-

130 3669 221 3727 menis
237 3670 397 3727 accuratius
414 3669 561 3728 tractanda
579 3670 639 3727 luit.
686 3670 773 3728 Unum
797 3681 900 3727 tantum
923 3671 1038 3727 alienam
1061 3668 1152 3726 Senu-

130 3772 210 3825 cam,
233 3755 279 3832 qui
301 3755 329 3811 in
351 3755 471 3832 epistola
488 3755 578 3813 CXIV
601 3754 636 3814 do
652 3774 688 3814 ea
712 3757 893 3834 quaestione,
916 3774 968 3815 cur
989 3752 1152 3832 quibusdam

130 3839 301 3917 temporibus
310 3841 473 3917 provenerit
487 3851 638 3917 corruptae
653 3859 744 3917 genus
761 3842 909 3909 orationis,
922 3836 1152 3918 eleganteretad

129 3934 255 3982 nostram
278 3926 466 4001 cognitionem
488 3922 524 3984 de
547 3925 620 3983 illius
646 3927 780 4003 temporis
803 3925 902 3983 studiis
926 3925 1071 3984 litterariis
1088 3943 1153 4001 pcr-

131 4029 214 4088 qnam
230 4010 337 4068 utiliter
352 4008 484 4088 disputat.
510 4011 577 4068 Cum
594 4031 648 4069 non
664 4013 754 4088 possit
768 4012 839 4068 alius
862 4030 928 4068 esse
945 4011 1059 4086 iugenio
1082 4010 1153 4067 alius

130 4094 223 4152 animo
239 4095 328 4164 color,
344 4097 481 4153 orationis
497 4095 640 4154 lasciviam
657 4097 784 4155 luxuriae
808 4096 935 4173 publicae
958 4106 1152 4171 argumentum

130 4199 198 4238 csse
215 4190 303 4256 putat.
342 4180 411 4237 Nam
435 4178 508 4258 quod
531 4181 718 4239 celeberrimo
743 4179 818 4239 dicto
843 4182 944 4239 ellatus
968 4191 1014 4239 cst
1043 4180 1153 4246 Bullon,

130 4266 156 4322 lc
169 4266 242 4340 style
257 4266 325 4322 e'est
342 4265 484 4335 rannone,
503 4265 529 4322 id
546 4287 597 4325 nec
615 4268 743 4344 antiquos
761 4267 841 4342 fugit,
858 4268 903 4345 qui
919 4277 1018 4325 vetere
1035 4285 1153 4344 proscr-

128 4351 176 4406 lnio
192 4348 426 4420 dixerunt,talom
445 4351 600 4409 homiuibus
618 4372 683 4409 csse
701 4353 866 4420 iurationem,
882 4353 973 4430 qualis
989 4353 1044 4409 rita
1062 4362 1151 4409 esset.

130 4435 272 4494 Orationis
290 4456 360 4513 ergo
377 4438 506 4507 licentia,
530 4435 651 4496 simodo
668 4438 802 4516 frequens
819 4449 880 4510 est,
904 4435 1028 4496 ostendit
1044 4439 1152 4495 animos
