2574 5054
412 746 779 813 PROLEGOHENAa
1005 767 1104 816 eum

82 922 232 1007 prudntia
251 920 390 1001 inclara,
416 919 498 986 sieut
517 917 605 984 nucia
624 919 764 984 rotundis
785 927 892 983 notata
911 928 1002 996 aunt,
1025 939 1103 1003 quae

80 1024 183 1090 iadee
198 1024 268 1091 cod.
283 1022 415 1101 absunt,
435 1033 598 1108 praeterea
612 1022 645 1087 in
658 1022 797 1106 margine
811 1019 983 1107 adscriptae
998 1021 1104 1086 variae

80 1127 230 1192 lectiones
245 1125 381 1191 eiusdem
393 1125 509 1190 codicia
524 1126 630 1210 partim
645 1124 757 1204 bonae,
774 1124 854 1189 uude
870 1133 988 1188 textum
1003 1143 1106 1187 emen·

79 1230 151 1295 dare
166 1228 318 1295 licuisset.
334 1225 402 1293 ldae
416 1238 480 1292 tres
495 1235 611 1292 tautum
626 1237 752 1292 enatant
767 1222 898 1290 Cornuti
913 1226 1064 1291 editiones
1079 1233 1103 1290 ².

76 1327 166 1414 Quae
188 1341 297 1415 postea
320 1330 478 1396 elaborata
499 1340 548 1395 est
568 1329 607 1393 alt
628 1329 750 1393 Andr.
766 1327 912 1392 Ririno
927 1330 1025 1395 lucem
1042 1349 1105 1394 nou

75 1433 164 1498 vitia.
195 1430 352 1498 Narratur
375 1433 457 1499 enirn
477 1433 557 1518 apnd
577 1429 618 1495 Β.
640 1429 681 1495 Ρ.
705 1429 908 1496 idummelium
930 1430 1035 1511 (Neue
1050 1429 1103 1496 Bi·

74 1533 214 1601 ltlietdek
234 1556 296 1600 ren
317 1535 457 1601 seltenen
472 1535 534 1599 nnd
556 1533 630 1599 selur
650 1534 790 1598 seltenen
804 1531 947 1599 Biclern
961 1530 978 1594 Ι
993 1556 1023 1619 p.
1039 1531 1104 1599 35⁹

74 1659 141 1722 sqq.
166 1634 311 1721 totaqq.
332 1635 397 1702 tet
412 1640 495 1722 sqq.)
524 1646 651 1700 casune
670 1635 779 1700 librum
805 1636 920 1701 calamo
944 1648 1103 1701 exaratum

75 1740 150 1805 satis
179 1739 309 1823 amplum
337 1738 397 1806 doc
423 1739 530 1804 titulo:
567 1737 724 1802 Annaei
753 1735 944 1818 Cornuti,
981 1737 1103 1823 philo·

74 1840 190 1926 sophi
225 1850 265 1905 et
303 1841 549 1925 grammatici
581 1840 735 1906 veteris
775 1839 946 1924 egregii,
989 1840 1028 1904 in
1056 1840 1100 1905 A.

72 1941 213 2008 Persii
233 1940 372 2008 Flacci
394 1942 542 2028 equitis
563 1941 728 2006 Romani
749 1938 803 2006 VI
824 1954 981 2029 satyras
1005 1963 1102 2008 com·

73 2044 275 2110 nectaria
297 2065 471 2110 unacum
485 2045 571 2109 vita
587 2043 761 2110 eiusdem
782 2044 1102 2130 etudioetopera

74 2145 116 2210 l).
140 2147 265 2211 Andr.
289 2144 428 2214 ttivini
449 2144 489 2211 Ρ.
512 2144 552 2211 Ρ.
575 2157 661 2230 post
681 2143 709 2210 l.
732 2144 808 2211 Ina.
831 2144 1099 2230 scaligerum,

74 2246 111 2313 P.
135 2246 369 2327 Pitltoenm,
403 2245 453 2313 Is.
484 2245 777 2325 Caaaubonum,
815 2247 872 2312 El.
893 2246 1100 2325 Vinctum,

75 2349 226 2416 Theod.
249 2347 492 2430 Marcilium,
515 2349 570 2414 Io.
594 2348 819 2415 Bonarduru
842 2361 882 2415 et
902 2349 1005 2414 Eilh.
1032 2347 1102 2414 Lu·

73 2453 210 2518 binum
234 2453 433 2540 pristinae
455 2454 641 2536 dignitati
668 2452 877 2518 restituta.
901 2450 987 2537 Lips.
1004 2448 1099 2516 tort.

74 2553 191 2620 Ibidem
224 2554 373 2640 praelatio
402 2555 484 2620 edita
514 2566 581 2632 eat,
618 2556 699 2619 uude
727 2566 870 2640 apparet,
903 2555 982 2638 qnod
1011 2574 1102 2638 snpra

73 2657 132 2722 iam
157 2656 312 2735 indicavi,
339 2654 484 2722 Ririnum
507 2658 540 2721 in
569 2676 605 2721 ea
628 2657 771 2744 opinione
795 2657 910 2734 luisse,
940 2656 1103 2721 Annaeum

76 2756 268 2839 Cornutum,
313 2756 419 2823 Persii
447 2771 694 2845 praeceptorem,
744 2760 824 2824 hunc
853 2759 1102 2824 commentarium

73 2861 257 2946 scripsisse,
287 2859 446 2927 Valerium
465 2858 601 2925 Probum
622 2862 737 2927 scholia
759 2861 790 2924 in
803 2860 1000 2935 Iuvenalem,
1024 2881 1102 2945 quae

73 2965 143 3049 quia
159 2965 192 3027 iu
207 2962 297 3028 codd.
314 2964 447 3049 priorem
460 2963 562 3027 locum
576 2984 726 3049 occupare
751 2964 905 3043 solerent,
931 2961 1025 3028 Probi
1047 2984 1103 3027 no·

73 3086 144 3131 aren
167 3065 205 3130 ad
228 3065 345 3131 scholia
365 3065 398 3130 in
416 3063 557 3131 Persium
579 3066 741 3132 mansure.
788 3063 933 3132 Ceterum
956 3066 1027 3150 quid
1049 3065 1102 3129 illo

73 3168 151 3233 lidro
167 3169 279 3232 iactum
294 3168 354 3248 sit,
377 3168 496 3232 nescio.

160 3283 293 3365 Restat,
315 3295 351 3350 nt
364 3285 501 3352 breviter
514 3286 662 3366 indicem,
686 3306 773 3371 quam
789 3308 847 3373 ego
861 3287 894 3352 in
910 3288 1028 3352 edendo
1043 3285 1102 3352 hoc

74 3387 207 3454 Cornuti
228 3400 399 3454 commento
416 3396 430 3432 ²
450 3391 599 3455 rationem
614 3400 739 3455 secutus
753 3391 822 3455 aim.
855 3387 999 3455 Codicem
1015 3386 1102 3453 Pari·

74 3609 212 3676 rviam,
235 3609 420 3679 aqalbnsdam
443 3609 547 3664 laudari
569 3610 792 3664 pithoeanam
817 3610 925 3665 Cornuti
951 3611 1100 3674 editionem,

108 3683 142 3734 de
161 3694 212 3747 qaa
230 3681 296 3732 atett
313 3681 462 3733 accuratius
478 3683 599 3746 comperi.
619 3678 680 3732 llam
696 3682 719 3734 ia
738 3682 763 3732 lu
781 3682 953 3733 celeberrima
972 3680 1102 3731 iuvenalia

108 3758 137 3801 et
156 3749 241 3800 Persii
259 3750 370 3801 editione
391 3749 490 3816 (Lutet.
510 3751 585 3803 loeo.
605 3749 722 3801 lleldelll·
743 3750 821 3815 ltro)
847 3750 912 3802 nihil
936 3757 1038 3816 praeter
1057 3764 1101 3799 ex·

109 3826 201 3884 eerpta
218 3818 266 3870 illa
282 3819 380 3880 edidit,
408 3819 484 3871 allatu
503 3819 536 3869 ab
554 3834 585 3869 eo
604 3826 718 3870 curatam
738 3834 862 3885 nusquam
880 3824 1102 3871 commemoratam

108 3889 177 3939 ridi.
211 3886 238 3938 le
256 3887 333 3938 editt.
352 3886 449 3940 Parias.
469 3887 577 3940 Cornuti
602 3888 718 3939 adiectae
743 3888 845 3954 quidem
875 3896 936 3940 eunt
954 3888 981 3939 Ρ.
1002 3887 1101 3938 rittoet

108 3955 129 4008 l.
150 3954 181 4006 C.
201 3956 292 4006 variae
318 3957 391 4007 lectt.
417 3964 443 4008 et
468 3965 544 4008 notae
568 3957 600 4006 ad
622 3964 725 4007 veteres
743 3957 858 4021 glossas,
886 3957 992 4023 eiusque
1011 3970 1101 4006 nomeu

109 4027 136 4076 ia
156 4025 234 4076 titulo
252 4032 489 4089 commemoratum,
509 4041 599 4077 rernm
618 4041 663 4077 cae
679 4040 814 4092 expressae
832 4026 942 4076 suntad
961 4025 1031 4075 illam
1049 4023 1102 4074 edl-

109 4094 205 4145 tieeem
216 4100 270 4212 ,let
287 4093 319 4144 de
335 4109 398 4212 capra
416 4096 554 4163 peculiari,
574 4110 649 4163 quam
667 4093 789 4146 Pithoeus
804 4094 830 4144 lu
844 4095 958 4146 Cornuto
976 4095 1101 4161 posuerit,

111 4163 179 4215 nteit
197 4171 308 4213 reatum
326 4164 352 4213 ri
372 4164 389 4214 i.

72 4249 335 4304 Monumentum
354 4247 463 4312 vocari,
488 4247 549 4314 qnia
575 4248 613 4299 ita
631 4248 656 4298 in
675 4248 750 4300 codd.
770 4249 939 4310 inscribitur,
966 4256 993 4298 et
1011 4249 1057 4298 hoe
1074 4263 1101 4298 ν.

109 4317 263 4385 ireqaeater
279 4317 320 4368 nsi
339 4325 401 4369 sunt
418 4317 530 4367 seriores
548 4318 699 4382 scriptores.
734 4317 816 4368 Prisc.
837 4319 868 4369 Vl
889 4335 913 4385 p.
934 4319 1000 4370 6982
1029 4317 1101 4367 Ser·

109 4390 188 4439 etue
205 4391 233 4436 a'a
251 4391 440 4437 commento
453 4385 574 4451 Virgilii.
593 4385 643 4437 XV
656 4402 680 4452 p.
696 4386 778 4439 ttot=
799 4389 958 4438 lloacrca
975 4391 1004 4437 e'n
1021 4399 1102 4435 com-

108 4460 232 4508 aaeato
249 4455 390 4508 Aeneidos.
428 4453 599 4507 Cassiodorus
616 4456 698 4519 (dirr.
718 4455 788 4508 lectt.
809 4457 836 4520 d)
853 4463 1032 4507 commeruerat
1051 4454 1103 4505 lli·
