2574 5054
369 770 502 834 sefion.
522 771 577 834 ΑΙ)
601 771 683 834 stt.
704 773 727 847 1,
751 778 819 836 5-
832 778 882 836 ΙΙ.
900 835 903 841 ,
1068 767 1134 837 249

203 947 232 1005 5.
260 944 389 1021 Nugae!
427 943 491 1003 Vim
524 944 611 1005 iubet
644 944 883 1024 reprehensionis.
1003 943 1133 1004 Turbida

115 1030 214 1087 llomu.
242 1027 287 1086 At
303 1048 374 1108 uque
389 1029 556 1101 transisti03
577 1031 623 1090 vel
639 1029 712 1109 quod
727 1030 819 1089 multis
834 1029 965 1108 gentibus
979 1029 1133 1109 replentur.

203 1117 232 1175 6.
255 1116 376 1184 Eruet,
393 1113 477 1173 ultum
493 1117 581 1175 ineiat
595 1115 751 1186 londonio,
772 1116 817 1174 vel
832 1117 951 1175 ineuset.
1038 1117 1134 1173 Aese-

117 1199 190 1270 dos,
229 1200 407 1258 assentieris.
518 1203 687 1260 Euomeuue
720 1201 898 1279 eisprobum,
930 1195 1134 1282 ἄλληγορικῶς

117 1282 200 1355 dicit,
223 1283 353 1355 honest,
376 1304 431 1343 non
453 1281 559 1345 debere
581 1288 680 1366 quaeri
700 1286 830 1346 iudicium
853 1288 880 1344 in
896 1286 1003 1364 volgari
1020 1283 1134 1356 iudicio,

117 1388 180 1428 cum
203 1371 231 1427 iu
254 1388 289 1429 eo
313 1371 441 1449 nequitus
466 1390 521 1429 nou
550 1373 595 1431 sit
696 1375 900 1431 *Examen
926 1365 1046 1429 s'uten
1076 1379 1136 1428 est

118 1455 354 1534 tingua¹vot
383 1455 521 1534 lignum
541 1461 569 1529 ²,
599 1455 693 1536 quod
723 1455 874 1516 medium
896 1452 1133 1515 hostum⁸ad

116 1540 287 1621 pondere
310 1538 552 1620 adsequenda
573 1538 720 1601 tenet*
1120 1534 1172 1594 f

204 1630 234 1687 7.
256 1627 498 1703 *Castigare
527 1637 648 1686 entem
677 1637 737 1686 est
759 1624 882 1706 digito
904 1626 1029 1686 librum
1052 1642 1135 1703 per-

118 1721 252 1771 eutere
267 1715 296 1782 ⁴,
318 1720 356 1770 nt
376 1721 626 1790 temperetur,
647 1723 684 1772 et
704 1732 794 1791 prue
814 1714 1027 1792 agitatione
1050 1718 1134 1789 post

117 1797 153 1855 in
175 1799 642 1877 seqnnn⁵essqntsseae
690 1800 856 1857 Truts'nu
883 1818 973 1857 vero
1003 1806 1060 1856 est
1085 1795 1135 1854 io·

118 1901 252 1953 rumen,
275 1884 378 1940 intre
402 1881 495 1961 qnod
518 1882 804 1960 estliugnlu‚de
821 1902 887 1962 quo
904 1881 1134 1942 examinatio

117 1963 215 2027 est*
299 1968 363 2026 Nee
385 1977 414 2025 te
433 1970 614 2046 quaesiveris
629 1978 735 2039 extro,
760 1968 787 2027 ΙΙ
804 1979 865 2040 est,
881 1969 937 2027 noli
952 1967 1083 2027 iodicium
1098 1963 1135 2025 tle

118 2062 148 2112 te
162 2053 341 2112 extrinsecus
356 2072 516 2133 quaerere,
537 2073 611 2135 qous
631 2064 678 2113 est
693 2053 816 2113 Chilonis
833 2052 1051 2114 Lacedaemonii
1066 2070 1136 2111 seu·

118 2140 244 2198 teutiu⁶.

204 2227 236 2285 8.
259 2224 336 2283 Num
354 2225 461 2282 Romae
483 2225 548 2302 quis
570 2227 653 2283 uon?
680 2222 711 2283 Io
732 2223 852 2303 populo,
876 2225 979 2305 iuquit,
1002 2224 1063 2303 qnis
1078 2241 1135 2282 uon

119 2319 163 2369 est
177 2307 255 2368 rodis
271 2319 301 2368 et
315 2310 481 2388 imperitus?

204 2399 236 2457 9.
264 2394 345 2453 Tune
360 2414 423 2453 eum
444 2395 486 2453 ud
496 2395 652 2466 canitiem,
676 2413 738 2453 enm
753 2396 812 2453 risu
827 2392 1074 2472 pronunciandum.
1103 2390 1136 2453 ΙΙ

118 2490 181 2550 est,
211 2499 273 2538 eum
302 2478 337 2537 ud
358 2499 444 2539 senes
472 2481 592 2559 respicio
616 2492 726 2558 poetes.
827 2483 869 2539 Et
896 2491 1027 2539 nostrum
1055 2479 1138 2538 titud

118 2567 217 2624 oluere
236 2566 340 2635 oute,
358 2565 447 2642 ligura
462 2584 569 2642 graecu
584 2575 628 2624 est
644 2585 694 2643 pro
709 2576 841 2624 nostrum
856 2567 945 2624 vitum
960 2569 1082 2624 uestem.

206 2654 254 2712 ll).
276 2650 408 2709 Nuct'bus
428 2652 559 2722 reltetis,
584 2650 656 2709 lotlis
677 2651 830 2728 puerilibus
854 2649 989 2729 depositis
1008 2655 1029 2709 ⁷.

206 2741 254 2796 ΙΙ.
282 2737 353 2794 Cum
372 2738 503 2813 sopimus
523 2745 660 2813 patruos.
690 2736 845 2814 Eleganter
863 2746 1008 2814 palntes,
1031 2733 1058 2793 io
1080 2744 1136 2808 est,

118 2841 179 2880 cunr
195 2840 290 2880 verum
306 2823 488 2879 severitatem
505 2823 637 2899 sepimus.
668 2820 764 2879 Putrui
787 2823 859 2880 eoiru
876 2824 970 2880 severi
986 2823 1061 2880 cireu
1077 2822 1137 2879 irs·

119 2917 190 2964 trum
212 2907 294 2964 lilios.
344 2900 438 2964 'Sis
462 2907 646 2965 Cs‘eero⁸:
676 2907 911 2983 obiurgauit
942 2908 1134 2977 Coelium,

119 3003 161 3050 ut
179 2993 332 3070 quidum
351 3001 519 3068 patruus
538 2992 712 3050 seusun*
755 2992 887 3050 Horatius
906 2997 934 3050 ⁹:

285 3079 439 3134 metuentes
449 3085 579 3154 patruae
601 3076 725 3134 verbero
742 3077 871 3154 lenguae.

122 3162 221 3233 Tunc,
249 3170 335 3231 mne,
367 3163 529 3238 agnoscite,
554 3163 638 3232 nolo,
673 3155 818 3239 ἔκλειψις,
842 3181 883 3220 so.
906 3159 1003 3220 dicere
1029 3160 1075 3219 vel
1096 3160 1136 3219 ri·

119 3246 200 3308 dere.
233 3246 312 3306 Tune
334 3248 504 3327 praecipue:
525 3248 571 3306 vel
587 3256 632 3305 est
647 3249 824 3306 asseveratio
840 3245 922 3306 valde
938 3245 1074 3318 dolentis,
1090 3255 1135 3305 ut:

120 3434 133 3486 Ι
154 3431 259 3497 lingula
278 3430 383 3482 Febris.
404 3430 488 3483 Orell.

118 3504 136 3557 2
154 3503 239 3551 linum
252 3500 385 3551 Sehrevel.
401 3501 486 3564 filum
499 3499 527 3552 C.
542 3500 632 3552 Burtlt.
647 3501 732 3552 Advv.
745 3499 806 3553 llos.
822 3500 886 3563 cut,
900 3501 944 3554 ut.

118 3571 135 3622 3
154 3576 287 3620 staterum
302 3569 331 3620 C.
348 3570 435 3619 Burtlt.
449 3569 468 3620 Ι.
482 3569 502 3620 Ι.

118 3641 135 3691 t
151 3652 312 3704 percurrere
327 3637 438 3688 Cnsuub.

121 3710 136 3760 t
151 3722 203 3774 per
218 3710 398 3772 agitationem
417 3710 481 3773 post
498 3710 526 3755 io
546 3720 605 3772 usq.
622 3705 663 3756 ed.
680 3704 762 3773 prius.
783 3705 812 3757 C.
824 3706 913 3758 Barth.
928 3707 948 3758 1.
962 3706 982 3757 Ι.
996 3711 1063 3773 port
1079 3707 1139 3772 ugi-

155 3778 284 3826 tutiouem
296 3779 324 3824 in
338 3791 396 3841 ueq.
417 3776 475 3825 eod.
495 3772 558 3825 Tur.

120 3847 135 3896 6
153 3844 248 3894 Γνῶθι
266 3840 388 3894 σεαυτόν.

121 3916 136 3967 7
155 3912 180 3962 ln
199 3913 255 3963 eod.
274 3911 335 3963 Pur.
354 3914 423 3965 8272
441 3912 488 3963 hoe
507 3911 586 3963 solsol.
606 3918 662 3961 est:
683 3910 781 3973 „Pueri
800 3912 944 3973 meritorii,
964 3913 991 3963 it
1009 3919 1051 3964 est
1068 3918 1138 3962 estu·

152 3983 222 4032 mimi
240 3981 271 4043 (l.
287 3982 434 4044 esturniti),
453 3981 545 4046 quibus
564 3980 671 4030 lieenter
687 3981 827 4031 uteunntnr
844 3982 962 4047 antiqui,
986 3981 1138 4032 resedentes

154 4052 258 4116 uturpi
283 4051 389 4100 servitio
416 4065 494 4100 nuees
511 4049 681 4115 spargebant,
709 4057 737 4100 ut
756 4050 949 4113 significarent,
980 4064 1008 4101 se
1025 4049 1138 4116 puerilis

153 4127 246 4170 onnetu
263 4134 385 4187 spernere
404 4127 431 4170 et
448 4121 474 4170 iu
494 4119 575 4168 robur
600 4117 677 4169 virile
695 4119 818 4169 venire.“
838 4146 870 4156 -
889 4119 929 4170 Ci.
949 4120 1045 4171 Cutull.
1066 4117 1136 4183 ext,

156 4188 227 4239 tues
246 4203 271 4253 q.

120 4256 137 4307 8
155 4256 209 4307 Ciu.
229 4204 253 4322 ΙΙ.
273 4256 345 4308 Cael.
366 4254 408 4318 li,
428 4255 472 4317 25,
491 4253 536 4306 nbi
554 4252 591 4305 itu
608 4254 718 4318 legitur:
738 4255 805 4306 Fuit
822 4258 849 4305 iu
870 4256 921 4307 hoo
938 4272 1020 4308 suoru
1034 4258 1138 4323 pertri-

154 4329 205 4374 stis
218 4325 327 4390 quidum
341 4330 476 4392 patruus,
500 4338 607 4386 eensor,
626 4327 774 4389 magister,
792 4325 948 4392 obiurgauit
960 4325 998 4377 sl.
1016 4326 1137 4378 Coelium

156 4397 228 4443 deut
242 4399 374 4445 neminem
393 4407 513 4459 unquam
529 4405 640 4459 pareus.

10 4456 314 4760 Ἴου..
334 4461 377 4527 ΙΙΙ,
398 4463 441 4527 12,
459 4464 529 4528 tuq.
