2574 5054
72 919 105 972 et
124 907 201 972 ursii
221 905 448 992 lectoribusque
472 906 565 973 taedii
589 907 655 993 plns
673 906 807 975 silemus
835 928 924 998 quam
951 913 1105 982 utilitatis.

72 1024 226 1109 Equidem
254 1047 317 1090 nun
345 1045 444 1112 nego,
475 1026 503 1090 si
525 1024 639 1110 insigni
660 1025 790 1110 quodam
817 1027 886 1093 loeo
913 1029 1107 1116 egregiorum

74 1145 215 1211 mrum
243 1145 420 1210 secuntiae
448 1154 591 1210 accurate
618 1155 822 1210 recensentur
841 1155 874 1209 et
894 1148 1106 1230 aestimantur,

73 1263 107 1328 id
122 1263 248 1327 nultum
265 1263 404 1328 utilitatis
418 1260 531 1326 tatere
546 1283 636 1348 posse
651 1263 691 1326 sd
713 1263 854 1327 iudicium
871 1264 1061 1331 lornsudmu
1074 1277 1109 1333 et

72 1391 162 1445 recto
180 1381 356 1466 disputandi
375 1381 457 1446 visre
478 1381 726 1458 monstrandam,
748 1401 855 1447 verunt
875 1382 907 1445 in
929 1382 1105 1470 uuiversum

72 1520 142 1564 sou
157 1519 431 1584 perrumpere,
454 1519 498 1567 es
517 1517 586 1563 urea
605 1499 757 1565 sententie
772 1499 896 1563 nimium
910 1500 968 1564 sibi
983 1501 1107 1586 placere
1185 1516 1206 1559 ἰ

73 1618 190 1683 nultos
205 1613 280 1682 VV.
297 1615 368 1683 nl).
384 1617 417 1685 iu
439 1617 571 1684 diversis
592 1618 756 1682 sententiis
776 1617 976 1683 recensendis
991 1628 1023 1681 et
1037 1640 1109 1704 pcr-

74 1736 268 1813 lustrandis,
292 1756 358 1802 eum
381 1755 528 1823 persaepe
548 1736 683 1801 taediosa
706 1735 763 1801 huc
783 1757 875 1822 opere
898 1756 950 1802 res
964 1736 1029 1821 ipso
1044 1757 1108 1801 nou

75 1855 206 1917 nulum
228 1864 461 1938 promoveatur,
491 1854 652 1939 disputetis
679 1866 780 1920 auten
808 1855 990 1921 obscuretur
1008 1857 1107 1942 potius
1133 1922 1135 1926 ,

75 1993 170 2056 quarn
199 1972 380 2036 illustretur.
410 1969 446 2038 ld
475 1973 605 2059 deniqne
635 1989 786 2057 nunqnttn
817 1975 882 2049 iere
905 1976 1105 2064 assequimur,

75 2102 113 2153 ut
133 2090 197 2153 ianr
220 2088 351 2173 priorum
373 2090 459 2158 libris
481 2091 589 2176 uliquis
610 2111 718 2156 carere
744 2093 858 2182 possit,
887 2093 941 2157 sed
963 2095 985 2158 ii
1007 2094 1108 2159 denuo

75 2229 205 2292 senper
225 2209 404 2291 inspiciendi
433 2218 467 2275 et
493 2210 672 2274 consulendi
701 2221 785 2276 suut.
824 2208 929 2293 Quare
956 2212 1106 2296 equidem,

75 2345 281 2415 quacunque
295 2327 334 2390 ad
349 2323 489 2395 Persium
504 2328 713 2393 illustrandum
735 2329 846 2413 scriptu
869 2340 959 2408 snut,
983 2330 1110 2414 diligen·

76 2457 132 2510 ter
147 2445 282 2527 perlegi,
306 2454 339 2509 et
353 2445 490 2533 quicquid
507 2446 579 2510 inde
594 2447 707 2510 hauriri
723 2448 840 2532 potuit,
860 2447 894 2511 in
909 2469 995 2512 usum
1011 2469 1110 2513 meum

77 2562 242 2639 conserti,
275 2563 404 2650 denique
433 2563 571 2634 omnibns
599 2575 742 2630 accurate
772 2565 954 2632 examinatis
984 2576 1016 2631 et
1041 2587 1110 2650 per·

78 2682 279 2768 ponderatis,
313 2679 392 2767 quod
421 2699 529 2746 verum
558 2682 630 2750 milri
658 2682 819 2748 videbatur
839 2685 982 2770 proposui
1003 2694 1036 2749 et
1056 2704 1111 2750 cur

77 2801 220 2885 placeret
242 2800 371 2868 fimum.
400 2797 467 2865 floe
489 2801 577 2864 modo
602 2822 688 2865 usum
711 2804 918 2867 commentarii
941 2804 1111 2868 faciliorem

81 2930 116 2981 ct
138 2917 374 2982 commodiorem
396 2919 548 2983 redditum
568 2941 638 2985 esse
661 2931 753 3006 puto,
778 2942 845 2984 cuni
869 2922 968 2985 statim
985 2922 1055 3004 qnid
1072 2921 1110 2987 de

83 3055 203 3119 qusque
230 3054 267 3100 re
296 3046 329 3099 el
357 3057 413 3101 eur
433 3036 476 3103 ita
498 3038 627 3102 sentiam
649 3049 792 3124 appareat
819 3039 910 3104 nullis
937 3038 1111 3122 ambagibus

80 3166 217 3233 tectum,
234 3164 268 3219 et
280 3153 449 3240 ubicunqne
464 3155 650 3233 erraverim,
665 3156 755 3224 facile
770 3155 799 3219 it
815 3156 912 3241 possit
925 3156 1113 3241 deprehendi

84 3285 117 3338 et
138 3272 309 3337 enectae.
338 3271 450 3357 Neque
470 3273 544 3339 illud
565 3273 694 3357 denique
716 3275 794 3359 apud
816 3294 931 3358 aequos
952 3285 984 3339 ct
998 3274 1113 3359 peritos

84 3392 232 3455 iuvidiam
261 3390 334 3455 niti
362 3392 512 3456 iacturum
541 3413 650 3476 spero,
681 3393 761 3476 quod
790 3413 846 3470 ec,
878 3412 953 3476 quse
984 3393 1021 3456 ab
1044 3392 1113 3457 aliis

86 3519 236 3595 congesta
251 3510 377 3587 inveni,
400 3521 434 3573 nt
447 3511 613 3577 eommunis
628 3510 703 3576 iuris
716 3510 905 3576 adhibuerim
913 3558 925 3589 ,,
942 3511 1007 3593 quis
1023 3531 1113 3593 quem

85 3628 187 3692 locust
218 3628 330 3712 primus
357 3628 529 3694 adhibuerit
554 3650 658 3715 parurn
686 3631 845 3698 sollicitus.
879 3628 961 3693 Nam
983 3647 1060 3712 quse
1081 3627 1113 3691 iu

85 3747 171 3811 hisee
187 3757 331 3810 versatur
344 3748 439 3811 auxia
453 3759 486 3812 et
499 3747 601 3832 putida
616 3770 708 3826 cura,
733 3771 820 3832 mam
837 3749 954 3833 quidam
971 3746 1114 3831 pietatem

84 3877 117 3930 et
136 3864 320 3947 religionem
340 3876 463 3949 putant,
494 3888 552 3932 nec
573 3868 684 3932 litteris
705 3868 788 3931 utilis
810 3886 868 3931 nec
889 3865 1007 3930 liberali
1023 3863 1114 3928 disci·

87 3984 168 4067 plius
191 3982 284 4068 digna
306 3995 366 4048 est.
396 3983 478 4049 Nam
502 3987 796 4071 pusillanimem,
820 3986 850 4051 iu
866 3987 975 4050 talibus
991 3980 1041 4047 vel
1056 3981 1115 4066 ipsi

86 4105 215 4188 glutiant
238 4123 408 4187 quaerere,
431 4105 481 4169 vel
506 4105 685 4169 eximiorum
699 4106 835 4170 virorum
851 4105 969 4169 leudem
986 4120 1113 4185 ponere.

88 4220 272 4306 Quicunque
302 4224 383 4287 eninr
411 4223 443 4287 in
474 4222 529 4287 itae
558 4246 593 4290 re
622 4235 764 4290 versatus
787 4235 852 4302 est,
881 4224 940 4288 scit
961 4221 1114 4308 prolecto,

88 4342 253 4406 misnam
275 4361 380 4407 eornm
405 4353 540 4428 partem,
572 4365 647 4427 quoe
674 4344 827 4408 afferenda
856 4351 946 4421 sunt,
976 4341 1019 4402 ita
1046 4355 1116 4402 esse
