2574 5054
125 776 194 820 xnrr
453 751 810 816 Pnotucottstta.

125 925 330 1008 indignantem
354 925 447 989 seculi
468 945 568 989 mores
590 926 627 989 ab
643 924 765 1009 antiqua
779 923 972 1009 simplicitate
988 934 1022 989 et
1034 922 1092 990 virt

127 1028 328 1109 degeneratos
356 1037 445 1110 atque
468 1038 645 1111 corruptos,
669 1027 791 1094 veritati
815 1037 903 1110 ntqne
923 1027 1033 1092 virtuti
1057 1049 1092 1092 un

125 1128 275 1193 addietum
298 1138 329 1191 et
350 1127 474 1193 iuvenili
489 1131 613 1194 fervore
629 1150 683 1214 pro
699 1128 857 1206 libertate,
874 1149 962 1212 mam
978 1129 1092 1194 unicnu

126 1230 347 1296 solumbonum
365 1229 473 1307 babet,
491 1243 685 1316 pugnantem.
712 1228 828 1314 Quodsi
845 1231 1043 1297 concedimus
1057 1232 1092 1297 lot

126 1332 235 1398 abesse
251 1332 329 1397 hunc
344 1333 485 1398 ardorem
501 1334 538 1398 ab
555 1335 621 1398 eins
636 1333 694 1397 viri
709 1333 869 1418 sapientia,
890 1354 976 1416 quam
994 1333 1092 1398 bomin

126 1436 266 1518 vitaeque
282 1435 390 1519 longus
406 1456 478 1500 usos
494 1435 675 1520 temperavit
686 1445 777 1518 atque
793 1435 973 1516 maturavit,
998 1447 1031 1500 et
1052 1456 1092 1501 ma

127 1535 260 1602 scholam
276 1557 384 1621 sapere
400 1559 486 1620 qoam
503 1538 615 1613 vitam,
640 1535 874 1602 condonabimus
891 1538 921 1601 id
937 1557 1014 1603 sane
1030 1537 1092 1601 iuvt

129 1661 214 1724 qncm
238 1661 320 1703 mors
341 1640 499 1704 immatura
519 1641 667 1705 absumsit
688 1651 719 1704 et
740 1641 837 1724 pudor
851 1638 1009 1723 virginalis
1024 1660 1092 1703 arete

127 1742 165 1806 ab
180 1742 275 1806 sccnli
296 1741 445 1826 corruptis
466 1742 610 1807 moribus.
641 1739 809 1826 Ingenuum
831 1751 917 1806 certe
938 1740 1089 1805 libertatis

128 1867 185 1929 qne
200 1843 319 1908 virtutis
336 1864 469 1907 amorem
485 1863 573 1908 nemo
588 1846 620 1908 iu
634 1840 744 1908 Persio
760 1862 820 1907 nou
842 1851 942 1928 potest
963 1862 1092 1927 agnosca

129 1943 274 2011 Ceterum
290 1944 444 2010 familiaris
460 1966 526 2010 cunr
538 1945 678 2011 Thrasea
694 1944 882 2010 consuetudo
898 1945 987 2007 ctiam
1003 1944 1036 2007 in
1052 1953 1092 2008 stt

128 2048 275 2113 litteraria
298 2048 362 2112 eins
382 2048 442 2111 vim
463 2049 611 2129 quandam
634 2047 776 2112 babuisse
800 2048 937 2111 videtur:
967 2057 1053 2110 certe
1075 2066 1092 2128 q

128 2150 287 2215 admodum
309 2150 429 2214 invenis
449 2149 479 2212 in
503 2150 660 2214 Arriam
680 2159 806 2213 matrem
827 2169 936 2213 versus
962 2148 1057 2224 lecit,
1081 2146 1092 2209 l

129 2252 303 2336 cognationi
326 2252 512 2337 potissimum
535 2252 712 2317 tribuemus.
747 2249 857 2333 Neque
882 2252 1012 2314 luctasse
1035 2269 1092 2312 arra

129 2376 215 2434 mus,
238 2354 318 2419 siin
341 2374 378 2417 ca
399 2373 433 2417 re
456 2351 614 2419 Thraseae
635 2374 753 2438 qnoque
776 2352 989 2417 anctoritatem
1010 2370 1091 2435 agno

131 2477 211 2533 mus,
237 2457 314 2540 quod
330 2452 474 2533 Persius,
498 2476 565 2520 cnm
588 2457 626 2520 ad
642 2455 815 2538 tragoedias
829 2453 1008 2519 scribendas
1023 2471 1092 2517 acce

130 2569 196 2636 ret,
213 2568 402 2643 praetextos
417 2559 603 2644 potissimum
619 2559 713 2642 elegit
731 2567 762 2636 ¹,
787 2567 819 2620 et
840 2575 1017 2640 quamquam
1039 2573 1092 2640 per

130 2661 248 2725 brarios
263 2661 321 2725 iam
338 2681 400 2723 non
421 2671 523 2745 potest
542 2661 693 2746 perspici,
717 2660 867 2743 quodnam
889 2667 1092 2742 argumentum

132 2783 166 2826 ea
184 2762 363 2827 tractaverit
379 2770 409 2840 ²,
434 2784 489 2848 pro
505 2775 588 2827 certo
611 2774 712 2827 tamen
735 2762 874 2827 affirmari
896 2769 1013 2846 potest,
1040 2758 1089 2822 tto

132 2885 189 2928 nne
206 2864 327 2927 virtutis
343 2866 512 2948 exemplum
529 2867 560 2929 in
577 2887 612 2930 ca
627 2865 809 2929 celebratum
826 2863 932 2939 luisse,
944 2862 1046 2926 animo
1063 2861 1091 2925 di

131 2966 169 3029 iis
191 2966 284 3042 viris,
311 2966 485 3049 quibuscum
512 2968 694 3032 versabatur
721 2963 859 3032 Persius.
905 2962 1045 3048 Denique
1074 2962 1092 3029 b

131 3067 319 3151 improbabili
348 3070 525 3134 coniectura
552 3067 721 3135 Passcvius
749 3068 794 3153 (p.
811 3066 867 3147 85)
904 3077 1065 3131 assecutus

133 3167 357 3254 eidormcprunie‘
372 3172 498 3248 librum,
523 3191 611 3256 quem
626 3169 764 3255 scripsit,
789 3179 997 3254 argumentum
1014 3166 1092 3230 babo

132 3272 226 3358 ipsam
242 3272 322 3336 illam
339 3294 406 3338 cnm
423 3273 562 3339 Thrasea
577 3273 866 3357 peregrinationem,
884 3291 959 3354 qnae
974 3269 1092 3351 dignas

133 3375 229 3440 videri
245 3375 474 3459 potnitiuveni,
499 3397 586 3460 qnam
611 3374 746 3440 carmine
772 3373 958 3447 celebraret,
984 3389 1092 3453 exemp

134 3488 272 3551 secutus,
298 3487 330 3540 nt
344 3477 420 3542 alios
443 3479 596 3553 omittam,
621 3473 732 3541 Lucilii
755 3486 843 3558 atquc
865 3471 985 3537 lloratii
1002 3475 1028 3534 ³.
1064 3469 1091 3536 C

133 3599 199 3642 rum
215 3578 291 3643 baec
306 3579 450 3644 iuvenilia
465 3580 624 3646 conamina
640 3579 717 3644 hand
739 3597 878 3661 magnam
893 3576 1012 3641 landem
1028 3595 1092 3638 mer

136 3767 148 3820 l
169 3764 309 3820 Neukirclr.
330 3767 361 3819 de
380 3766 431 3818 lab.
452 3775 504 3832 tog.
524 3785 549 3834 p.
562 3768 595 3823 23
605 3784 659 3835 sqq.
686 3766 819 3829 Welclrer,
838 3765 941 3818 Griecb.
955 3762 1036 3829 'lt-ag.
1051 3780 1077 3830 p.

169 3850 225 3903 sqq.
245 3835 353 3901 Leraeb,
371 3836 419 3889 lib.
439 3837 506 3890 llus.
525 3836 560 3890 Vl
573 3853 597 3904 p·
612 3838 662 3890 bld
674 3852 747 3905 sqq,
766 3836 839 3886 euius
857 3835 1012 3885 sententian
1032 3848 1082 3883 nou

170 3920 226 3956 sum
263 3907 364 3957 rebare.

135 3974 152 4027 2
172 3972 227 4039 Qua
240 3921 340 4025 rbtione
352 3982 480 4040 pernotus
493 3973 718 4038 Nenkirebius(de
731 3973 783 4025 rut.
798 3979 850 4035 teg.
864 3988 889 4038 p.
903 3970 1092 4036 inauspicatu

170 4041 363 4106 Quinctilii
387 4042 470 4096 Vari
495 4045 595 4096 tristem
619 4051 714 4095 sortem
740 4045 787 4094 bac
812 4041 898 4093 lubnls
916 4039 1073 4091 celebratum

174 4125 222 4160 neu
240 4110 369 4174 intelligo.

139 4180 154 4234 3
173 4178 340 4230 Romanorum
354 4185 458 4245 poetes,
476 4182 519 4247 qni
533 4181 564 4232 de
576 4181 714 4233 itineribus
727 4179 903 4246 scripserunt,
923 4183 1041 4228 recenset
1057 4177 1092 4227 dir

173 4249 285 4299 miscens
298 4247 493 4300 Wernsdorllus
507 4250 602 4313 (Puett.
617 4249 688 4301 Latt.
703 4247 797 4299 min.V
810 4264 834 4314 p.
849 4248 881 4299 ³⁰
894 4246 975 4312 sqq).
994 4245 1092 4310 uragu

174 4331 239 4383 quoe
257 4318 289 4368 ad
308 4316 439 4368 Lucilli
457 4319 509 4368 iter
526 4321 656 4385 pertinere
668 4319 836 4378 viderentur,
855 4323 1051 4382 composuerunt
1063 4313 1084 4365 l.

175 4387 276 4450 geroius
295 4388 367 4437 lectt.
387 4384 483 4437 Venus.
504 4402 528 4437 c.
548 4388 579 4440 lb
598 4402 623 4453 p.
642 4387 693 4439 318
711 4403 767 4453 sqq.
794 4386 909 4451 Varges,
928 4383 958 4435 C.
977 4383 1092 4436 Luciliir

174 4471 240 4522 quoe
259 4472 292 4507 cx
310 4456 329 4507 l.
350 4454 381 4507 lll
399 4463 549 4524 supersunt.
570 4455 646 4507 stett.
668 4456 743 4509 1836.
