2574 5054
31 798 34 803 -
173 773 248 817 ears
498 747 862 812 Pnotuuottnnt

174 920 296 987 ridetur
318 918 478 985 Pithoeus.
515 918 590 984 Non
618 921 719 984 omnia
746 919 883 1005 quidem,
914 941 984 984 nam
1011 940 1098 984 sunm
1127 921 1197 984 eod.

174 1017 506 1108 atert(atV1{‚112),
524 1021 572 1085 ubi
590 1030 671 1088 tanet
684 1022 842 1107 sangall,
859 1034 890 1086 et
905 1023 1039 1087 alioloeo
1053 1021 1201 1102 (v‚155)

174 1126 307 1211 glossam
322 1125 549 1188 interlinearem
565 1125 665 1203 affert,
682 1146 758 1208 quae
775 1147 837 1189 uon
853 1136 901 1189 est
914 1125 946 1188 in
962 1125 1031 1188 eod.
1045 1120 1200 1210 sangall,

173 1228 205 1293 io
222 1248 280 1311 quo
303 1248 370 1291 eom
393 1237 496 1290 textus
518 1246 580 1289 non
603 1227 773 1312 descriptus
796 1228 854 1304 sit,
879 1228 969 1292 etiam
984 1227 1202 1291 interlineares

174 1331 295 1415 glossae
316 1349 378 1393 non
400 1338 594 1412 comparent:
628 1338 786 1413 utrumqne
817 1328 955 1394 scholion
978 1330 1066 1393 albert
1094 1327 1197 1394 Valla.

174 1429 280 1517 ltaque
304 1441 465 1517 potnerunt
489 1430 548 1495 alia
573 1450 691 1513 quoqne
712 1433 745 1495 in
768 1432 858 1497 eodd.
883 1430 1004 1497 Pithoei
1032 1443 1064 1496 et
1090 1427 1201 1496 Vallae

175 1534 255 1620 legi,
276 1533 381 1617 quibus
397 1542 483 1598 earet
496 1531 593 1617 Snng.
607 1541 637 1611 ¹,
661 1553 767 1597 verum
783 1533 859 1599 bueo
874 1555 969 1619 panea
985 1544 1101 1598 tautum
1117 1553 1200 1611 esse,

174 1636 221 1702 his
238 1636 275 1700 de
291 1635 390 1700 causis
405 1645 516 1698 statuo.
531 1633 664 1699 Primum
681 1635 750 1700 eod.
767 1633 927 1700 Pithoeani
942 1647 974 1701 et
990 1633 1201 1721 sangallensis

174 1736 244 1815 talis
260 1757 429 1802 consensus
444 1747 509 1817 est,
527 1747 560 1800 nt
574 1748 677 1821 aperte
692 1736 731 1801 ad
746 1738 826 1802 idem
841 1738 1028 1824 arobetyqou
1043 1737 1200 1803 referendi

175 1839 238 1904 sint
267 1841 315 1921 (et
341 1838 411 1901 mibi
439 1839 557 1922 quidem
579 1858 756 1923 persuasum
778 1850 845 1919 est,
876 1839 945 1906 eod.
968 1838 1067 1925 Sang.
1091 1859 1201 1905 essee

173 1937 258 2004 Pith.
276 1941 471 2024 descriptum,
485 1961 542 2024 qua
558 1941 595 2004 de
610 1942 732 2005 reinlra
747 1941 849 2026 paneis
865 1942 1024 2007 dicendum
1035 1942 1123 2024 erit),
1138 1953 1199 2006 tum

175 2041 251 2107 nibil
265 2042 348 2107 addit
363 2040 509 2107 Pithoeus
523 2042 562 2105 iia
577 2061 653 2125 quae
668 2041 757 2107 etiam
773 2043 804 2108 in
819 2042 916 2128 Sang.
939 2045 1099 2128 leguntur,
1122 2045 1201 2128 quod

174 2165 237 2209 aon
259 2144 370 2209 babeat
394 2141 503 2223 Valla,
534 2143 611 2207 hand
632 2165 703 2209 raro
724 2145 767 2209 ita
787 2145 871 2210 addit
889 2146 947 2224 iia,
978 2145 1109 2230 quaein
1131 2145 1199 2209 eod.

176 2244 274 2333 Song.
300 2255 442 2324 exstant,
474 2253 508 2309 nt
528 2247 582 2310 vix
604 2245 749 2310 credibile
778 2247 819 2311 sit
848 2259 1006 2332 utrumque
1033 2248 1066 2311 in
1094 2247 1202 2313 eodem

176 2350 279 2414 codiee
300 2349 444 2434 seriptum
474 2348 589 2429 luisse,
621 2349 749 2432 deniqne
776 2360 845 2435 post
872 2370 941 2414 eum
969 2369 1114 2427 versum,
1143 2371 1202 2434 quo

174 2449 312 2518 subsistit
334 2446 441 2515 Vallae
465 2450 584 2528 oodex,
616 2450 690 2515 nihil
710 2451 794 2516 addit
814 2448 979 2531 Pithoeus,
1002 2451 1081 2534 quod
1102 2450 1204 2535 aliqua

176 2553 463 2620 commemoratione
479 2552 601 2636 dignum
617 2553 676 2632 sit,
699 2552 822 2619 scholiis
843 2553 914 2617 eod.
934 2550 1073 2639 Sangall.
1113 2549 1203 2618 Sum·

175 2678 254 2721 mam
276 2655 369 2740 igitur
387 2654 456 2719 veri
478 2656 609 2740 speeiem
633 2653 741 2734 babet,
763 2652 926 2720 Pithoeum
949 2656 1024 2720 bueo
1039 2656 1203 2720 maximam

175 2766 312 2842 partem,
343 2778 413 2820 nam
434 2757 581 2839 quaedam
605 2757 720 2822 librarii
747 2757 866 2821 incuria
896 2757 929 2821 in
959 2757 1029 2822 eod.
1060 2754 1200 2841 Sangall.

175 2859 271 2924 omitti
288 2867 470 2943 potuerunt,
494 2854 636 2922 eVullne
660 2859 877 2926 commentario
894 2859 1106 2945 descripsisse.
1142 2855 1200 2923 Ce-

175 2971 272 3026 terum
295 2958 369 3025 haee
392 2958 501 3026 Vallae
524 2961 639 3026 sobolia
662 2962 813 3027 diversam
835 2961 980 3026 indolem·
996 2959 1147 3046 produnt,
1171 2971 1204 3023 nt

174 3062 282 3150 partito
304 3063 434 3147 optimae
455 3073 547 3129 notae
570 3076 601 3128 et
623 3065 783 3148 autiquae,
814 3063 922 3148 partim
951 3085 970 3128 a
997 3063 1075 3127 malo
1103 3060 1203 3125 doctis

175 3166 313 3250 profecta
342 3183 411 3230 esse
442 3165 614 3231 videantur.
655 3162 800 3250 Sequitur
826 3165 917 3244 inde,
948 3164 1064 3229 sobolis
1089 3163 1204 3227 oodieis

176 3262 285 3331 Vallae
307 3265 344 3331 sd
378 3267 507 3332 eundem
536 3270 652 3332 fontem
678 3267 841 3331 referenda
865 3288 953 3346 esse,
978 3287 996 3333 e
1018 3286 1078 3350 qno
1100 3285 1204 3331 mana·

175 3379 249 3433 runt
269 3366 459 3448 Pithoeana,
483 3370 537 3436 sed
561 3369 656 3435 luisse
679 3369 787 3456 partim
803 3368 958 3454 pleniora,
982 3367 1091 3455 partim
1106 3367 1204 3453 magis

176 3470 373 3555 interpolata.

264 3586 383 3672 Quodsi
406 3590 482 3655 haec
505 3589 620 3655 scholia
642 3591 707 3655 inre
729 3588 825 3655 Probi
848 3609 959 3655 nomeu
976 3589 1096 3665 lerunt,
1120 3598 1205 3673 patet

176 3711 233 3771 ea,
256 3710 333 3776 quae
347 3692 446 3759 adhue
461 3693 498 3756 de
513 3691 616 3758 Probo
638 3693 898 3778 dispuntantem,
922 3691 1015 3757 multo
1037 3689 1203 3755 ineertiora

176 3794 254 3860 beri.
278 3792 359 3858 Nam
382 3793 540 3860 Valerium
561 3793 695 3860 Probum
716 3792 874 3881 Berytiom
890 3815 929 3859 ne
945 3805 1008 3859 tum
1022 3792 1142 3877 quidem
1158 3791 1204 3855 iu-

40 3896 44 3901 '
177 3895 315 3979 telligero
331 3898 456 3975 lieeret,
480 3899 507 3963 si
523 3920 577 3975 ea,
602 3898 726 3982 quaein
743 3898 825 3963 bisoe
841 3897 965 3962 soboliis
980 3896 1102 3978 antiqua
1119 3907 1202 3972 snut,

177 3995 215 4061 ad
230 3995 364 4062 Probum
380 4001 565 4083 potissimum
580 4000 744 4064 referenda
760 4010 882 4065 essent:
907 4018 977 4063 nam
993 4017 1069 4082 quae
1085 3996 1122 4062 de
1138 3997 1204 4062 eius

178 4108 281 4163 notate
310 4101 421 4166 traditu
446 4114 537 4176 suut,
567 4112 691 4179 vetant,
726 4103 884 4186 quominus
905 4096 1080 4166 Iuvenalem
1105 4099 1142 4163 ab
1165 4120 1203 4164 eo

180 4304 190 4357 l
213 4302 240 4354 ln
259 4303 348 4354 eodiea
365 4303 443 4368 Saos.
462 4305 526 4355 nibil
544 4306 699 4358 scholiorum
710 4313 797 4358 exstat
810 4307 842 4357 ad
855 4313 905 4358 sat.
920 4304 966 4359 Vll
979 4322 1034 4358 vos.
1047 4305 1203 4368 tas-159,

214 4378 243 4423 et
261 4371 357 4424 habant
375 4372 449 4441 plora
467 4373 544 4425 Valla
563 4381 590 4426 et
607 4374 738 4427 Pithoeus.
772 4375 810 4428 lbl
829 4375 939 4427 fortusse
958 4375 1082 4428 librarius
1099 4375 1207 4441 Sangal-

216 4441 296 4494 leasis
315 4443 373 4494 dom
392 4442 489 4494 sobolis
508 4444 672 4496 transscribit
690 4445 806 4512 pagiuam
826 4445 921 4496 omisit.
