2574 5054
13 392 23 611 ι

12 622 22 905 l

383 787 757 859 ‚PROLEGOMENA.
1006 819 1083 861 ιιιιι

155 957 294 1045 Asperum
310 970 343 1025 et
357 979 413 1025 ora
427 960 531 1026 leneus
546 958 666 1024 aoiuunr
691 979 870 1044 semesaque
889 962 966 1027 larrli
990 963 1079 1046 [llor.

597 1059 852 1143 mQQQ.

150 1160 311 1248 Norieiqne
334 1164 439 1230 eolurrt
458 1163 592 1231 bellaces
615 1165 808 1250 panuouique
833 1162 946 1246 [Prisc.
964 1173 1078 1254 perieg.

149 1366 350 1453 Taprobanen
366 1366 476 1433 veniae
491 1264 742 1453 generairiiiirem
758 1391 868 1455 mogus
892 1372 1078 1455 elephantes.

599 1467 711 1551 [Prisc.
728 1473 843 1558 perieg.
861 1471 949 1555 5961.

82 1605 119 1672 tr
130 1610 229 1675 iisdem
244 1602 393 1691 exemplis
408 1603 555 1690 descripsi
570 1605 681 1686 etiam,
704 1627 781 1692 quae
801 1605 956 1675 luvenalis
971 1622 1003 1675 et
1017 1609 1080 1676 Lu-

79 1712 124 1776 cilii
137 1733 206 1798 prae
228 1728 265 1776 se
284 1708 420 1772 tulerunt
441 1705 583 1787 uomina,
605 1708 638 1774 iu
662 1709 768 1792 quibos
783 1711 910 1775 eaodem
925 1713 1081 1798 impuden-

77 1815 132 1878 tiau
145 1813 269 1891 inveni,
286 1811 319 1875 in
333 1808 504 1874 nominibus
519 1808 699 1894 soriptorom
710 1832 765 1896 pro
781 1811 874 1877 lubitu
891 1815 1078 1901 effingendis,

11 1934 15 2004 ξ
73 1937 135 1999 puae
149 1916 180 1979 in
203 1916 294 1978 modo
310 1910 408 1978 allatis
422 1910 615 1997 perspicitur.
649 1909 754 1996 ltaque
770 1916 910 2000 exemplo
927 1937 995 1982 esse
1011 1938 1081 2002 pos·

71 2030 131 2083 sont
143 2015 277 2083 levitatis
291 2036 331 2079 ιιι
347 2013 481 2090 fraudis,
503 2033 592 2096 quam
613 2013 645 2077 in
669 2015 849 2080 testimoniis
864 2028 999 2082 veterum
1014 2020 1079 2085 lau-

69 2120 163 2185 laslis
177 2137 272 2204 saepe
287 2116 453 2182 observare
468 2114 553 2181 lieet.

140 2271 265 2338 Editum
287 2269 450 2335 satirarum
471 2268 579 2333 librum
602 2268 746 2335 ooutiuuo
768 2271 872 2336 mirari
895 2273 1032 2338 homines
1048 2285 1081 2339 et

65 2376 187 2461 diripere
207 2380 219 2416 ¹
241 2381 429 2457 coeperunt,
460 2380 494 2435 ut
515 2381 622 2436 narrat
641 2373 717 2437 vita.
764 2371 852 2456 Quod
882 2394 987 2440 vorum
1010 2397 1078 2440 esse

63 2479 149 2542 urulta
168 2476 360 2559 antiquorum
382 2473 513 2559 probant
530 2474 716 2538 testimonia.
749 2474 796 2539 De
818 2473 970 2542 Luoaui
984 2477 1078 2541 aduri·

63 2582 177 2644 ratione
206 2579 267 2643 iana
294 2575 445 2658 vidimus3
481 2573 751 2658 Quintilianus
781 2577 980 2642 celeberrimo
1008 2579 1078 2644 loeo

64 2683 119 2760 (Χ,
136 2680 167 2758 1,
182 2678 261 2764 94)ι
282 2676 437 2756 Mutum,
461 2678 522 2754 eit,
546 2686 579 2742 et
591 2698 684 2741 verne
696 2680 842 2772 gluriore,
863 2683 1003 2766 quumvis
1017 2702 1078 2746 utro

62 2786 161 2860 libro,
184 2783 317 2848 Persius
330 2780 463 2860 neuin·
485 2779 537 2844 ubi
552 2778 723 2845 notabimus
738 2801 840 2846 veram
857 2783 1002 2865 gloriam,
1020 2805 1077 2868 quo

61 2911 91 2950 r.
106 2887 280 2972 significare
294 2886 414 2950 videtur·
429 2881 654 2966 Quintilianus,
678 2883 754 2968 apud
772 2885 877 2948 doctos
892 2886 1078 2970 potissimum

60 2990 284 3074 incorruptique
308 2986 411 3053 iudioii
436 2985 572 3049 homines
604 2985 771 3050 lectitatum
801 2986 896 3050 luisse
924 2984 1075 3050 Persium.

13 3136 25 3148 ·
58 3090 157 3176 lpsuur
178 3091 316 3155 studiose
334 3089 448 3173 legisse
463 3087 529 3153 eius
543 3086 673 3166 satiras,
691 3087 897 3167 demonstrat,
922 3090 998 3172 quod
1016 3110 1078 3153 nou

57 3198 153 3259 solun
170 3194 236 3259 eius
251 3191 425 3258 testimonio
440 3191 535 3255 utitur
549 3185 624 3272 (lx,
640 3188 673 3266 3,
690 3185 729 3269 93
744 3186 799 3252 42.
823 3189 865 3268 X,
883 3191 915 3268 3,
931 3190 1007 3274 29),
1023 3191 1078 3256 serl

57 3296 231 3382 ᾳιίΙιιιιάιιιι
247 3295 323 3359 loeis
338 3304 442 3380 aperte
458 3313 526 3357 eum
548 3290 702 3377 expressit
724 3288 816 3376 (XII,
835 3290 887 3371 10,
902 3290 945 3359 26
960 3295 999 3358 el.
1017 3305 1076 3358 sat.

56 3397 84 3477 l,
100 3399 156 3464 ll.
186 3394 246 3477 111,
265 3396 296 3474 l,
313 3396 334 3461 3
349 3393 389 3461 el.
405 3407 465 3461 sat.
482 3392 510 3476 1,
527 3391 622 3476 107),
652 3404 810 3477 utrumque
836 3395 965 3479 leuique
987 3416 1078 3479 saepe

55 3501 164 3566 eodem
178 3500 290 3590 iurlioio
306 3499 350 3563 uti
365 3499 521 3576 videmos,
544 3506 577 3562 ut
596 3516 659 3559 non
682 3496 827 3562 miremur
845 3493 947 3561 Persii
967 3496 1078 3563 satiras

9 3608 12 3625 '
55 3603 209 3690 placuisse
238 3598 439 3682 Quintiliano.
484 3596 561 3664 Cum
588 3598 647 3663 hoo
674 3599 829 3663 consentit
851 3599 985 3664 eiusdenr
1009 3600 1077 3663 aeri

54 3716 149 3793 poeta
167 3702 396 3781 Martialis,
420 3702 470 3786 qui
491 3700 542 3764 ubi
563 3720 658 3785 parva
679 3699 864 3784 potissimum
887 3712 919 3764 et
932 3722 1003 3764 rara
1023 3721 1078 3763 ex-

55 3810 118 3895 peti
134 3808 243 3886 rloeet,
266 3807 341 3871 haee
356 3804 493 3889 adiungit
506 3799 578 3886 (lv,
594 3800 649 3881 29,
667 3801 687 3867 7
702 3803 783 3887 sq.):

57 4032 185 4098 lDa'rlps'
212 4029 310 4081 dieitur
333 4029 371 4088 ls,
395 4041 469 4094 queas
495 4041 583 4079 onnes
608 4033 681 4078 tauto
704 4024 794 4076 lavoro
819 4031 957 4091 expetunt,
982 4031 1077 4075 utnon

89 4101 173 4169 possit
188 4098 291 4150 essetis
308 4095 481 4159 satistaeers,
500 4095 535 4148 ol.
555 4094 618 4147 Seu.
636 4095 725 4146 deira
744 4093 788 4157 lll,
801 4095 851 4147 23:
871 4093 970 4144 Postea
990 4092 1078 4143 Timo·

88 4185 170 4236 gaes
188 4172 302 4220 ——tota
320 4169 433 4217 dalton
449 4164 572 4231 diruptus
589 4169 640 4216 est.
667 4164 698 4214 rte
717 4161 790 4214 brev.
809 4163 858 4213 rit.
878 4162 908 4217 7:
936 4162 1079 4227 Diripitur

91 4238 139 4289 ills
156 4242 216 4289 toto
223 4238 296 4304 soro
310 4241 458 4302 patronos.
477 4233 556 4287 llart.
570 4231 625 4294 Vll,
639 4233 683 4296 lli,
704 4234 788 4298 lsq.=
809 4229 883 4297 Quod
900 4235 928 4282 te
944 4230 1080 4295 diripiunt

86 4310 260 4374 pomtiores
279 4319 333 4371 per
356 4307 491 4361 convivio.
513 4305 640 4370 porticos
663 4303 772 4352 theatra
794 4328 828 4337 —
854 4299 949 4352 Nolito
966 4301 1078 4349 rrims'um

91 4378 144 4427 tats'
155 4376 276 4442 plaeere.
296 4373 352 4425 lus.
372 4373 417 4433 vt,
437 4373 502 4425 toas
527 4374 592 4439 Quis
608 4376 696 4434 ornet,
715 4374 775 4437 pois
793 4368 943 4436 diripiatur
960 4365 1076 4418 adulter.

90 4445 131 4495 ct.
151 4446 188 4496 ie.
207 4445 290 4510 intpp.
310 4441 421 4496 llarltd.
441 4445 472 4494 at
491 4439 560 4494 Stat.
580 4440 645 4492 Silo.
666 4440 698 4503 V,
717 4441 743 4498 3,
767 4439 824 4492 12⁹.

98 4569 217 4610 mus.
853 4540 871 4601 d
