2574 5054
192 786 288 833 eum
518 762 881 829 ettotttoottttttt.

194 936 352 1021 Quaedam
372 947 475 1001 tumeo
496 936 588 1000 etium
608 936 730 1023 proprie
749 934 858 1011 hebet,
881 932 964 998 uude
983 935 1140 1019 egregium
1154 956 1219 1022 my·

193 1039 365 1124 tholegiotte
388 1037 545 1104 dootuioue
567 1038 721 1123 specimen
742 1036 800 1102 hoo
821 1037 916 1101 offero
940 1035 1062 1121 diguum
1085 1034 1219 1103 Trimul-

193 1142 323 1221 ohiooe,
350 1141 400 1225 qui
413 1139 516 1206 hahuit
530 1141 563 1205 iu
583 1139 716 1226 scypho,
739 1139 888 1222 quomodo
912 1135 1087 1204 Cassandro
1110 1139 1222 1205 oooidit

194 1243 273 1310 tilios
294 1263 387 1321 suos,
417 1254 448 1308 et
469 1243 624 1330 capidem,
655 1241 706 1305 uhi
726 1239 882 1307 Daedalus
905 1240 1031 1308 Nioben
1054 1243 1087 1307 io
1110 1262 1218 1327 equum

195 1345 365 1412 Troiuuum
379 1345 508 1411 iouiodit
522 1343 666 1430 (Petu-ou.
683 1344 760 1423 52)=

229 1465 250 1528 Ι,
269 1466 313 1518 tt.
336 1464 463 1533 YeipiiIis
487 1482 553 1517 uxot·
575 1465 772 1530 hetieuoioetis,
807 1465 852 1533 qui
875 1479 933 1517 uum
956 1465 1025 1517 heito
1047 1463 1170 1517 'i'heheuo
1187 1464 1220 1516 eh

333 1552 450 1603 hostibus
467 1559 558 1619 suptus
576 1551 684 1617 inisset,
703 1550 750 1604 itis
766 1566 796 1602 se
814 1551 924 1604 tradidit
940 1567 986 1619 pro
999 1567 1030 1604 eo
1041 1558 1069 1604 et
1080 1567 1128 1604 sue
1139 1559 1220 1604 morte

333 1637 443 1689 redemit
460 1652 529 1689 eum.

66 1855 79 1890 s
194 1753 306 1842 Neque
320 1755 464 1822 invidebo
479 1765 606 1842 poetae,
631 1776 718 1840 quem
741 1754 854 1841 ptimuu
871 1767 1013 1841 quumum
1027 1756 1093 1822 seio
1107 1778 1221 1823 memo·

198 1871 265 1938 ret,
290 1879 421 1924 nomene

232 1978 254 2043 Ι,
274 1977 315 2033 tt.
334 1977 387 2030 iioo
405 1976 485 2042 dicit,
503 1977 571 2045 quod
588 1976 717 2031 Tereus
735 1985 809 2045 poeto
827 1977 987 2030 muitetuuus
1004 1993 1107 2032 memes
1122 1979 1155 2031 od
1173 1979 1221 2031 hee

334 2071 442 2116 orestus
455 2070 481 2116 et
492 2063 604 2116 festivus
616 2062 768 2129 iooedehet,
786 2069 817 2114 ut
830 2064 945 2132 sot-posis
961 2064 1051 2117 huhitu
1069 2079 1097 2116 se
1115 2065 1221 2118 audieu-

333 2150 405 2203 tihus
422 2147 622 2202 eommeodsret.

197 2266 443 2336 Commemoravi
464 2268 576 2349 codd,
600 2288 675 2353 quos
696 2267 817 2352 inspexi
838 2266 923 2355 ipse,
949 2268 1045 2349 elios,
1068 2268 1118 2352 qui
1131 2268 1221 2334 iouu-

195 2373 274 2447 meti
303 2382 446 2452 exstent,
475 2392 657 2437 enumerare
688 2391 750 2434 nou
779 2370 901 2436 videtur
928 2370 1146 2437 necessarium.
1183 2369 1223 2436 lo

196 2475 336 2540 omuibus
350 2487 451 2542 autem
465 2475 546 2542 idem
562 2484 595 2537 ut
608 2473 652 2540 ite
666 2472 763 2536 diuum
778 2472 961 2537 sohoiiorom
983 2495 1094 2559 eorpus
1116 2485 1222 2540 exste-

196 2598 231 2642 re
252 2578 353 2643 stetim
375 2587 518 2665 appetet,
542 2597 718 2660 quamquam
738 2574 857 2659 singulo
877 2575 910 2639 iu
931 2575 1069 2641 omnihus
1090 2577 1156 2643 iere
1171 2578 1223 2643 vel

197 2691 285 2745 auctu
307 2681 358 2745 vel
379 2680 410 2745 iu
434 2679 557 2746 brevius
581 2688 755 2754 contrecto,
778 2678 830 2743 vel
851 2697 993 2743 somene
1014 2678 1147 2764 paullum
1166 2680 1223 2742 im-

197 2792 312 2846 mutato
327 2784 542 2866 proferuntur,
566 2781 607 2846 ito
631 2792 734 2847 tumeo
755 2789 790 2845 ut
810 2779 847 2845 ed
862 2800 1008 2846 summam
1022 2801 1086 2846 rem
1103 2802 1141 2847 eu
1156 2781 1223 2846 uul-

197 2883 256 2947 iius
271 2884 415 2948 momenti
429 2882 502 2949 siut.

283 3018 342 3086 iiio
357 3020 458 3105 poeuis
475 3019 631 3085 dioeudum
652 3029 702 3085 est
721 3019 758 3085 de
781 3019 909 3103 glossis,
934 3040 1008 3104 quus
1028 3016 1223 3085 Pithoeus

197 3121 313 3210 primos
328 3123 443 3202 edidit,
459 3134 528 3208 post
543 3142 612 3189 eum
631 3118 848 3202 Sehreveiiue‚
865 3119 1007 3200 Reiuius,
1024 3118 1159 3188 Orellius
1173 3143 1223 3188 se·

198 3225 361 3311 petierunt.
383 3223 447 3290 Eos
462 3247 480 3290 e
496 3225 596 3290 moitis
611 3243 689 3311 pree
711 3221 842 3288 Cornuti
864 3223 1084 3289 oommeutttn'o
1105 3223 1224 3289 inodori

198 3327 308 3406 video,
337 3326 461 3412 inique,
490 3327 517 3393 si
540 3326 578 3390 uh
600 3346 638 3390 eo
660 3346 785 3412 prorsus
809 3325 946 3393 diversus
968 3335 1094 3413 potunt,
1123 3337 1223 3405 reete,

198 3429 225 3494 si
247 3430 357 3515 optimu
377 3432 444 3495 iero
467 3450 509 3493 ex
531 3424 662 3494 Cornuti
686 3426 810 3494 sehoiiis
839 3429 871 3493 iu
899 3429 936 3494 iis
966 3428 1082 3494 seleote
1105 3427 1222 3494 dieout.

198 3528 279 3597 Nom
301 3530 343 3596 itu
366 3553 401 3598 se
423 3551 488 3597 rem
512 3530 644 3610 hahere,
667 3540 701 3594 ut
715 3530 789 3596 nihil
803 3529 835 3595 io
850 3531 887 3596 iis
902 3530 1046 3596 traditum
1060 3529 1120 3609 sit,
1143 3531 1225 3615 quod

200 3657 260 3701 nou
275 3635 354 3723 opud
372 3630 541 3699 Cornutum
557 3634 699 3699 traditum
714 3634 772 3713 sit,
796 3634 886 3699 ieoile
900 3634 960 3699 ism
975 3634 1101 3718 quisque
1115 3632 1224 3698 videre

197 3749 309 3824 potest.
342 3734 492 3802 Pithoeus
514 3737 589 3803 bueo
611 3745 726 3801 tautum
749 3735 787 3801 de
807 3735 844 3801 iis
866 3735 1068 3823 signideevim
1084 3771 1129 3785 -
1148 3733 1224 3801 tto„

197 3843 312 3928 ignoro
327 3839 518 3927 optentque
532 3860 596 3905 oon
606 3848 785 3925 postremus
799 3848 893 3903 eotue
905 3836 1112 3926 saevioribus
1119 3836 1225 3902 Probo

198 3943 299 4009 mhot
311 3943 532 4009 eemmeutert'u
545 3962 608 4007 eon
623 3943 656 4006 in
675 3940 856 4010 quenalem
876 3939 987 4017 modo,
1007 3939 1067 4005 sed
1080 3948 1113 4004 et
1125 3939 1160 4003 in
1173 3938 1221 4005 A.

198 4041 304 4108 Persei
321 4054 452 4131 satyrus
472 4045 548 4120 ilio,
578 4063 709 4131 quorum
729 4042 783 4108 dio
810 4063 934 4134 quoque
962 4043 1074 4109 ionem
1097 4050 1225 4128 perteus

78 4214 80 4219 ,
199 4143 437 4211 emendatiorem
453 4144 581 4223 dueum
602 4147 657 4211 otei
668 4148 759 4211 etium
774 4147 807 4210 oie
820 4144 882 4211 deo
895 4167 932 4212 re
946 4143 1076 4211 oonsilio
1091 4142 1225 4209 iudicio·

198 4247 458 4335 queomieorom,
483 4256 576 4335 utque
595 4249 737 4334 oprimis
757 4248 780 4313 I
784 4270 837 4314 oe.
861 4247 1077 4336 Scaligeri
1093 4247 1159 4312 otiu·
1177 4248 1226 4310 in·

199 4347 437 4438 omeperoiilie,
462 4348 501 4413 de
523 4369 582 4438 quo
603 4348 754 4439 quioquid
766 4359 938 4439 praetereo
957 4350 1093 4428 diem,
1123 4350 1225 4415 nothus

198 4452 270 4520 erit.
302 4447 380 4520 Cum
399 4447 547 4520 Pithoeus
569 4453 608 4520 de
630 4454 712 4520 uutto
733 4453 841 4520 eodioe
861 4453 1006 4540 ioqootou
1028 4472 1118 4538 ouem
1137 4451 1225 4518 odii-
