2574 5054
456 741 819 810 Ptotusottslts.
1119 772 1162 815 vn

128 922 243 993 utus,
266 921 376 997 postes
388 913 610 995 manumissus,
631 914 751 982 Romae
768 916 873 991 doouit
884 915 945 983 iam
958 915 1014 983 sub
1031 915 1161 985 Tiberio

129 1027 161 1082 et
180 1013 335 1096 Claudio,
364 1026 398 1082 et
415 1037 513 1102 usqne
537 1016 575 1083 ad
593 1029 784 1086 senectutem
803 1029 966 1106 proventus
981 1031 1049 1097 est,
1079 1031 1161 1087 toste
1230 1047 1233 1053 ·

129 1117 344 1204 anulisno,
366 1119 418 1204 qni
431 1141 507 1185 suae
522 1120 617 1186 eruti
632 1141 701 1187 eum
715 1121 864 1188 adsoribit
876 1119 919 1208 (1,
934 1121 969 1202 4,
983 1119 1060 1208 20),
1086 1144 1160 1208 quo·

130 1244 198 1289 esar
224 1221 381 1289 consentit
407 1219 564 1289 Iuvenalis
584 1221 659 1306 (Vl,
675 1222 753 1293 452.
779 1220 856 1303 vll,
871 1219 961 1310 215).
995 1220 1044 1288 Eo
1066 1225 1161 1309 igitur
1221 1282 1223 1289 .

130 1337 288 1411 tempore,
326 1346 385 1408 qno
413 1320 542 1390 Persius
569 1324 762 1392 institutione
791 1326 857 1392 eius
879 1325 1042 1406 utebatur,
1071 1348 1160 1410 quam

131 1429 265 1494 nmmo
293 1427 442 1506 florebat,
471 1436 504 1492 ot
530 1448 706 1512 quamquam
733 1448 796 1493 non
817 1426 913 1510 jmoto
942 1449 1041 1494 vanae
1067 1450 1161 1515 supra

132 1528 252 1597 nodum
281 1529 498 1615 mogontiae,
533 1530 588 1595 sed
615 1529 795 1595 immodioae
821 1529 964 1595 lmurioe
989 1532 1046 1612 (ol.
1075 1529 1158 1596 Plio.

133 1628 221 1711 xlv,
235 1631 273 1711 4,
291 1631 329 1714 5)
352 1642 385 1696 ot
404 1630 595 1716 turpissimae
616 1631 750 1698 libidinis
772 1631 853 1698 lama
873 1631 1041 1716 flagrabat,
1070 1633 1113 1699 ita
1127 1645 1162 1700 ut

138 1745 199 1800 tata
211 1755 326 1822 pueros
342 1733 373 1797 ei
389 1733 536 1798 committi
549 1754 640 1819 posse
662 1745 847 1818 negaretur,
869 1734 1035 1820 prinoipem
1057 1746 1161 1801 tamam

143 1833 216 1902 ister
242 1835 463 1921 grammaticos
497 1835 595 1900 looum
624 1835 756 1902 obtinuit
789 1847 823 1901 et
855 1837 1000 1903 affluente
1027 1838 1160 1923 undique

144 1936 349 2024 discipulorum
370 1937 458 2022 oopia
487 1959 627 2022 magnam
648 1958 715 2004 rem
737 1939 916 2005 familiarem
931 1939 1050 2020 effecit,
1075 1941 1161 2007 ouius

142 2038 383 2127 &ligentissimns
399 2039 475 2118 tuit,
498 2059 556 2105 nuo
571 2040 770 2105 suffioisntam
784 2051 887 2106 umen
900 2041 1061 2108 sumtibus.
1095 2039 1161 2110 Sed

140 2142 284 2209 allieiebat
302 2140 445 2207 homines
468 2142 614 2207 momoria
637 2162 741 2206 rerum
769 2153 801 2206 et
825 2143 972 2209 facilitate
997 2144 1160 2223 sermonis,

141 2265 229 2329 aspre
243 2243 367 2330 purtim
383 2244 527 2310 laoultate
543 2243 681 2322 carebat,
696 2265 740 2309 ex
750 2255 885 2329 tempore
900 2256 1041 2329 poemata
1055 2248 1161 2311 farere

142 2355 287 2431 promptus
307 2354 331 2407 ¹.
382 2341 431 2408 lto
459 2344 537 2430 apnd
566 2354 707 2428 posteros
737 2363 856 2428 quoqne
882 2365 1022 2431 magnam
1051 2347 1162 2412 famam

143 2445 256 2532 adeptus
279 2455 331 2511 est
352 2443 478 2528 (Sidon.
501 2445 606 2530 Apoll.
630 2465 699 2530 epp.
722 2442 766 2525 V,
784 2441 836 2509 10.
870 2443 1013 2511 Cassiod.
1030 2447 1111 2511 ortb.
1128 2467 1159 2531 p.

143 2545 213 2613 2³21
228 2545 308 2634 P.),
331 2557 363 2611 et
385 2546 463 2611 baud
486 2567 557 2612 raro
582 2546 648 2612 eius
670 2548 749 2632 apud
770 2549 985 2634 grammaticos
1000 2550 1115 2615 mentio
1130 2551 1164 2614 lit

145 2649 194 2732 (ol.
203 2649 327 2717 Charis.
345 2646 378 2712 11
392 2671 422 2734 p.
433 2646 508 2714 199.
524 2645 600 2713 200.
616 2645 692 2714 205.
707 2647 784 2715 207.
801 2649 876 2717 212.
894 2647 997 2714 Dium.
1014 2647 1031 2712 l
1045 2649 1160 2738 ploti.

145 2752 177 2816 d.
191 2751 314 2834 Osann,
332 2749 435 2816 Britr.
452 2748 484 2813 11
499 2772 529 2836 p.
546 2750 609 2817 325
623 2772 671 2836 sq.
687 2748 789 2817 Priso.
805 2749 822 2815 1
836 2774 867 2837 p.
884 2749 961 2838 560)
981 2761 1005 2816 ².

171 2957 240 3008 poan
258 2957 294 2993 ex
312 2939 429 2993 Munatio
448 2939 529 3004 (ortb.
548 2958 574 3008 p.
593 2939 655 3007 tto)
674 2937 807 2992 Gruterus
828 2939 901 3005 (053,
921 2940 946 2993 l.
965 2939 999 2991 el.
1013 2939 1163 2992 Fleetwood

170 3011 225 3078 spll.
246 3027 274 3078 p.
294 3010 359 3072 215,
378 3008 422 3073 3),
447 3024 480 3059 ex
504 3007 610 3074 Ligurio
635 3009 723 3076 pausis
740 3009 847 3061 mutatis
865 3007 967 3061 (ludius
984 3009 1057 3075 (222,
1077 3009 1104 3077 b)
1124 3026 1162 3061 re·
1262 3033 1264 3037 ⁴

174 3081 256 3144 petiit,
282 3078 347 3146 qnin
365 3079 496 3145 supposita
514 3079 566 3141 sit,
591 3093 665 3130 nemo
690 3077 821 3130 dubitabit
843 3078 936 3131 robob
954 3076 1054 3144 Ligurii
1072 3094 1162 3130 nomen

177 3147 215 3213 (ol.
232 3148 354 3216 Sebopeu
372 3147 403 3197 de
421 3146 483 3198 Ter.
503 3154 530 3198 et
546 3145 612 3198 Don.
632 3163 657 3215 p.
677 3146 735 3214 35).

149 3247 241 3317 lesd
260 3250 358 3303 scribit
375 3247 503 3300 biartislis
521 3247 564 3314 (il,
582 3249 627 3311 80,
647 3248 762 3317 bsqqd:

349 3317 437 3384 Turpe
455 3325 512 3378 est,
531 3317 650 3369 difficiles
667 3319 761 3369 babere
780 3332 862 3382 ungas

349 3386 384 3438 Et
401 3387 499 3438 stultus
518 3385 593 3437 labor
610 3395 652 3438 est
669 3386 834 3455 ineptiarum.

349 3455 454 3506 Scribat
471 3457 586 3507 earmina
603 3457 711 3508 oireulis
729 3455 876 3520 Palaemon,

349 3522 390 3576 bie
408 3526 477 3576 raris
496 3526 570 3576 iuvat
587 3525 694 3576 auribus
711 3524 825 3592 plaeere.

173 3611 219 3645 noo
238 3601 342 3647 eertum
360 3600 401 3643 est
418 3594 451 3645 ad
470 3594 537 3645 bnno
555 3609 612 3644 esse
631 3593 802 3646 referendum.
835 3591 993 3660 Quamquam
1011 3606 1076 3658 quoe
1093 3605 1166 3657 prae-

172 3664 286 3725 esdnat,
313 3662 394 3713 allata
418 3664 444 3713 in
465 3665 647 3714 commentario
671 3678 697 3729 p.
717 3661 783 3727 100,
808 3662 949 3712 oonrinnut
966 3674 1022 3711 oum
1039 3661 1096 3710 eius
1114 3659 1165 3709 dis-

173 3732 266 3782 solutis
284 3732 400 3782 noribus
417 3738 444 3782 et
462 3732 656 3796 mommationm
675 3733 768 3783 donent
784 3732 899 3781 earmina
917 3745 974 3780 enm
993 3728 1167 3778 ostentatione

173 3801 279 3850 artilieii
297 3808 506 3865 eunponentenr3
542 3801 602 3866 qnid
627 3801 694 3868 quod
712 3799 855 3852 similitudo
874 3799 951 3850 buius
975 3797 1166 3864 epigrammatis

175 3884 233 3919 ean
251 3870 302 3928 iis,
321 3883 386 3936 quae
404 3867 510 3921 Persius
529 3875 617 3936 notat,
635 3869 697 3921 buin
714 3870 878 3920 oonieetnrao
897 3866 987 3918 lavere
1004 3866 1118 3916 videtur.

143 3955 249 4020 thae
268 3954 345 4005 bodie
362 3961 501 4020 supersunt
519 3955 615 4021 seripta
641 3953 747 4006 liemmii
772 3952 932 4005 Palaemonis
950 3952 1099 4020 plusquam
1120 3949 1165 4001 du-

174 4025 243 4074 biam
262 4024 320 4074 eius
340 4039 428 4073 nomen
447 4030 550 4087 gerunt.
569 4023 608 4075 Do
625 4023 801 4083 nominibus,
821 4037 886 4089 qnae
901 4020 1034 4073 Prisciano
1051 4020 1102 4070 iam
1120 4020 1166 4070 tri-

175 4094 311 4158 buuntur,
337 4109 362 4143 v.
389 4091 546 4144 Werosdorl'
570 4091 666 4157 (Poett.
691 4092 762 4143 Latt.
787 4090 849 4142 suin.
873 4090 907 4154 V,
932 4091 945 4142 1
971 4107 995 4155 p.
1021 4089 1072 4143 212
1086 4089 1166 4153 sopp),

175 4162 316 4213 Endlieber
333 4159 428 4228 (prael.
448 4161 480 4211 ad
500 4160 627 4213 Prisciani
645 4175 725 4211 sarm
745 4177 770 4226 p.
786 4159 847 4212 XVI
860 4160 938 4226 squ).
959 4158 1030 4225 Quae
1049 4158 1074 4207 in
1089 4157 1164 4207 0bss.

175 4233 249 4282 niso·
269 4247 330 4281 nov·
348 4229 385 4282 tx
403 4246 429 4297 p.
448 4230 498 4282 077
522 4230 608 4281 edituo
626 4237 689 4281 sunt
712 4227 950 4281 Differentiae
973 4240 1167 4278 sermonum

176 4299 267 4351 lte-t
291 4299 512 4351 Palaemonis
537 4314 578 4351 ex
600 4299 690 4350 libro
714 4298 872 4350 Suetonii
901 4294 1166 4361 Tranquillioi‚

177 4371 235 4434 qni
253 4367 470 4420 inscribitur
487 4375 634 4434 pratum,
654 4384 698 4419 eas
711 4375 802 4419 neutro
815 4367 905 4431 dignos
923 4380 980 4416 esse
998 4363 1074 4414 laniis
1092 4375 1168 4427 oppa·

177 4447 226 4490 ret.
252 4438 291 4490 lle
309 4444 366 4490 arte
384 4436 569 4502 grammatica,
589 4453 655 4504 quae
672 4437 730 4489 eius
747 4453 837 4489 nomeu
856 4450 917 4503 prae
936 4450 963 4485 se
982 4433 1034 4486 lert
1051 4432 1086 4497 (p.
1104 4429 1169 4483 ltus
