<?xml version="1.0" encoding="UTF-8"?>
<!DOCTYPE html PUBLIC "-//W3C//DTD XHTML 1.0 Transitional//EN"
    "http://www.w3.org/TR/xhtml1/DTD/xhtml1-transitional.dtd">
<html xmlns="http://www.w3.org/1999/xhtml" xml:lang="en" lang="en">
 <head>
  <title>
</title>
<meta http-equiv="Content-Type" content="text/html;charset=utf-8" />
  <meta name='ocr-system' content='tesseract 3.04.00' />
  <meta name='ocr-capabilities' content='ocr_page ocr_carea ocr_par ocr_line ocrx_word'/>
</head>
<body>
  <div class='ocr_page' id='page_1' title='image "./satirarumliberc00jahngoog_0340.png"; bbox 0 0 2574 5054; ppageno 0'>
   <div class='ocr_carea' id='block_1_1' title="bbox 471 770 1152 870">
    <p class='ocr_par' dir='ltr' id='par_1_1' title="bbox 471 770 1152 870">
     <span class='ocr_line' id='line_1_1' title="bbox 471 770 1152 870; baseline 0.006 -12"><span class='ocrx_word' id='word_1_1' title='bbox 471 770 864 870; x_wconf 70' lang='lat' dir='ltr'><strong>sarssarm-roa&#39;</strong></span> <span class='ocrx_word' id='word_1_2' title='bbox 1089 794 1152 862; x_wconf 85' lang='lat' dir='ltr'><strong>ror</strong></span> 
     </span>
    </p>
   </div>
   <div class='ocr_carea' id='block_1_2' title="bbox 129 966 1270 4548">
    <p class='ocr_par' dir='ltr' id='par_1_2' title="bbox 129 966 1270 4548">
     <span class='ocr_line' id='line_1_2' title="bbox 133 966 1150 1044; baseline -0.001 -12"><span class='ocrx_word' id='word_1_3' title='bbox 133 967 195 1043; x_wconf 80' lang='lat' dir='ltr'><strong>(Vl,</strong></span> <span class='ocrx_word' id='word_1_4' title='bbox 211 972 252 1032; x_wconf 87' lang='grc'><strong>72</strong></span> <span class='ocrx_word' id='word_1_5' title='bbox 267 969 305 1028; x_wconf 90' lang='lat' dir='ltr'><strong>cl.</strong></span> <span class='ocrx_word' id='word_1_6' title='bbox 331 966 444 1029; x_wconf 62' lang='lat' dir='ltr'><strong>lleindlr</strong></span> <span class='ocrx_word' id='word_1_7' title='bbox 467 969 503 1029; x_wconf 91' lang='lat' dir='ltr'><strong>ad</strong></span> <span class='ocrx_word' id='word_1_8' title='bbox 525 970 593 1030; x_wconf 93' lang='lat' dir='ltr'><strong>llor.</strong></span> <span class='ocrx_word' id='word_1_9' title='bbox 614 981 668 1031; x_wconf 85' lang='lat' dir='ltr'><strong>sat.</strong></span> <span class='ocrx_word' id='word_1_10' title='bbox 691 970 713 1042; x_wconf 90' lang='lat' dir='ltr'><strong>l,</strong></span> <span class='ocrx_word' id='word_1_11' title='bbox 735 975 765 1044; x_wconf 90' lang='grc'><strong>2,</strong></span> <span class='ocrx_word' id='word_1_12' title='bbox 789 974 853 1043; x_wconf 90' lang='grc'><strong>33),</strong></span> <span class='ocrx_word' id='word_1_13' title='bbox 867 980 924 1029; x_wconf 91' lang='lat' dir='ltr'><strong>tum</strong></span> <span class='ocrx_word' id='word_1_14' title='bbox 946 971 1033 1030; x_wconf 84' lang='lat' dir='ltr'><strong>vario</strong></span> <span class='ocrx_word' id='word_1_15' title='bbox 1046 991 1099 1030; x_wconf 87' lang='lat' dir='ltr'><strong>usu</strong></span> <span class='ocrx_word' id='word_1_16' title='bbox 1113 969 1150 1031; x_wconf 90' lang='lat' dir='ltr'><strong>ad</strong></span> 
     </span>
     <span class='ocr_line' id='line_1_3' title="bbox 133 1053 1149 1136; baseline 0 -22"><span class='ocrx_word' id='word_1_17' title='bbox 133 1053 263 1114; x_wconf 85' lang='lat' dir='ltr'><strong>diuersae</strong></span> <span class='ocrx_word' id='word_1_18' title='bbox 277 1073 326 1114; x_wconf 83' lang='lat' dir='ltr'><strong>res</strong></span> <span class='ocrx_word' id='word_1_19' title='bbox 340 1058 522 1128; x_wconf 75' lang='lat' dir='ltr'><strong>transfertur,</strong></span> <span class='ocrx_word' id='word_1_20' title='bbox 537 1067 569 1115; x_wconf 96' lang='grc' dir='ltr'><strong>ιιι</strong></span> <span class='ocrx_word' id='word_1_21' title='bbox 581 1057 671 1136; x_wconf 88' lang='lat' dir='ltr'><strong>ipsam</strong></span> <span class='ocrx_word' id='word_1_22' title='bbox 686 1056 822 1116; x_wconf 82' lang='lat' dir='ltr'><strong>vivideam</strong></span> <span class='ocrx_word' id='word_1_23' title='bbox 838 1056 892 1115; x_wconf 85' lang='lat' dir='ltr'><strong>rim</strong></span> <span class='ocrx_word' id='word_1_24' title='bbox 908 1056 1057 1134; x_wconf 71' lang='lat' dir='ltr'><strong>significet,</strong></span> <span class='ocrx_word' id='word_1_25' title='bbox 1077 1074 1104 1116; x_wconf 89' lang='lat' dir='ltr'><strong>e.</strong></span> <span class='ocrx_word' id='word_1_26' title='bbox 1119 1076 1149 1134; x_wconf 77' lang='lat' dir='ltr'><strong>g.</strong></span> 
     </span>
     <span class='ocr_line' id='line_1_4' title="bbox 132 1138 1149 1222; baseline 0.001 -23"><span class='ocrx_word' id='word_1_27' title='bbox 132 1159 207 1199; x_wconf 82' lang='lat' dir='ltr'><strong>uena</strong></span> <span class='ocrx_word' id='word_1_28' title='bbox 221 1141 333 1218; x_wconf 84' lang='lat' dir='ltr'><strong>eloquii</strong></span> <span class='ocrx_word' id='word_1_29' title='bbox 344 1138 417 1219; x_wconf 89' lang='lat' dir='ltr'><strong>apud</strong></span> <span class='ocrx_word' id='word_1_30' title='bbox 433 1139 669 1222; x_wconf 81' lang='lat' dir='ltr'><strong>Symmacl.epp.</strong></span> <span class='ocrx_word' id='word_1_31' title='bbox 684 1142 706 1214; x_wconf 96' lang='lat' dir='ltr'><strong>l,</strong></span> <span class='ocrx_word' id='word_1_32' title='bbox 724 1146 773 1204; x_wconf 79' lang='grc'><strong>11.</strong></span> <span class='ocrx_word' id='word_1_33' title='bbox 796 1160 871 1201; x_wconf 85' lang='lat' dir='ltr'><strong>oeno</strong></span> <span class='ocrx_word' id='word_1_34' title='bbox 883 1142 951 1201; x_wconf 85' lang='lat' dir='ltr'><strong>stili</strong></span> <span class='ocrx_word' id='word_1_35' title='bbox 962 1158 1011 1220; x_wconf 85' lang='lat' dir='ltr'><strong>ep.</strong></span> <span class='ocrx_word' id='word_1_36' title='bbox 1029 1141 1149 1201; x_wconf 87' lang='lat' dir='ltr'><strong>Tertull.</strong></span> 
     </span>
     <span class='ocr_line' id='line_1_5' title="bbox 132 1225 1146 1306; baseline 0.002 -22"><span class='ocrx_word' id='word_1_37' title='bbox 132 1225 246 1305; x_wconf 74' lang='lat' dir='ltr'><strong>apolog.</strong></span> <span class='ocrx_word' id='word_1_38' title='bbox 264 1229 313 1288; x_wconf 89' lang='lat'><strong>19.</strong></span> <span class='ocrx_word' id='word_1_39' title='bbox 358 1228 486 1285; x_wconf 76' lang='lat' dir='ltr'><em>Latinae</em></span> <span class='ocrx_word' id='word_1_40' title='bbox 511 1229 634 1303; x_wconf 81' lang='lat' dir='ltr'><strong>liuguae</strong></span> <span class='ocrx_word' id='word_1_41' title='bbox 655 1246 730 1285; x_wconf 85' lang='lat' dir='ltr'><strong>uena</strong></span> <span class='ocrx_word' id='word_1_42' title='bbox 760 1248 805 1306; x_wconf 86' lang='lat' dir='ltr'><strong>ap.</strong></span> <span class='ocrx_word' id='word_1_43' title='bbox 826 1225 953 1285; x_wconf 85' lang='lat' dir='ltr'><strong>Ilacrob.</strong></span> <span class='ocrx_word' id='word_1_44' title='bbox 971 1225 1032 1285; x_wconf 87' lang='lat' dir='ltr'><strong>Sat.</strong></span> <span class='ocrx_word' id='word_1_45' title='bbox 1055 1227 1146 1304; x_wconf 86' lang='lat' dir='ltr'><strong>prael.</strong></span> 
     </span>
     <span class='ocr_line' id='line_1_6' title="bbox 131 1308 1147 1454; baseline -0.002 -82"><span class='ocrx_word' id='word_1_46' title='bbox 131 1330 160 1454; x_wconf 47' lang='lat' dir='ltr'><strong>pp</strong></span> <span class='ocrx_word' id='word_1_47' title='bbox 176 1314 239 1373; x_wconf 89' lang='grc'><strong>208</strong></span> <span class='ocrx_word' id='word_1_48' title='bbox 256 1308 301 1369; x_wconf 90' lang='lat' dir='ltr'><strong>ed.</strong></span> <span class='ocrx_word' id='word_1_49' title='bbox 321 1310 411 1371; x_wconf 85' lang='lat' dir='ltr'><strong>Zeus.</strong></span> <span class='ocrx_word' id='word_1_50' title='bbox 435 1311 472 1371; x_wconf 86' lang='lat' dir='ltr'><strong>V.</strong></span> <span class='ocrx_word' id='word_1_51' title='bbox 494 1312 549 1372; x_wconf 88' lang='lat' dir='ltr'><strong>alia</strong></span> <span class='ocrx_word' id='word_1_52' title='bbox 572 1311 645 1391; x_wconf 90' lang='lat' dir='ltr'><strong>apud</strong></span> <span class='ocrx_word' id='word_1_53' title='bbox 662 1311 747 1372; x_wconf 88' lang='lat' dir='ltr'><strong>luret.</strong></span> <span class='ocrx_word' id='word_1_54' title='bbox 764 1311 800 1372; x_wconf 86' lang='lat' dir='ltr'><strong>ed</strong></span> <span class='ocrx_word' id='word_1_55' title='bbox 823 1310 929 1391; x_wconf 80' lang='lat' dir='ltr'><strong>Symm.</strong></span> <span class='ocrx_word' id='word_1_56' title='bbox 950 1331 1014 1391; x_wconf 85' lang='lat' dir='ltr'><strong>opp.</strong></span> <span class='ocrx_word' id='word_1_57' title='bbox 1030 1310 1081 1381; x_wconf 89' lang='lat' dir='ltr'><strong>IX,</strong></span> <span class='ocrx_word' id='word_1_58' title='bbox 1097 1314 1147 1374; x_wconf 89' lang='grc'><strong>65.</strong></span> 
     </span>
     <span class='ocr_line' id='line_1_7' title="bbox 161 1394 1151 1476; baseline 0 -20"><span class='ocrx_word' id='word_1_59' title='bbox 161 1415 234 1475; x_wconf 87' lang='lat' dir='ltr'><strong>eque</strong></span> <span class='ocrx_word' id='word_1_60' title='bbox 249 1394 361 1456; x_wconf 79' lang='lat' dir='ltr'><strong>aliunde</strong></span> <span class='ocrx_word' id='word_1_61' title='bbox 374 1396 545 1476; x_wconf 89' lang='lat' dir='ltr'><strong>repetendus</strong></span> <span class='ocrx_word' id='word_1_62' title='bbox 561 1407 605 1456; x_wconf 90' lang='lat' dir='ltr'><strong>est</strong></span> <span class='ocrx_word' id='word_1_63' title='bbox 620 1417 688 1457; x_wconf 87' lang='lat' dir='ltr'><strong>usus</strong></span> <span class='ocrx_word' id='word_1_64' title='bbox 703 1417 765 1456; x_wconf 87' lang='lat' dir='ltr'><strong>voc.</strong></span> <span class='ocrx_word' id='word_1_65' title='bbox 786 1416 860 1456; x_wconf 88' lang='lat' dir='ltr'><strong>uena</strong></span> <span class='ocrx_word' id='word_1_66' title='bbox 876 1395 911 1457; x_wconf 91' lang='lat' dir='ltr'><strong>de</strong></span> <span class='ocrx_word' id='word_1_67' title='bbox 925 1397 1045 1456; x_wconf 76' lang='lat' dir='ltr'><strong>metallis</strong></span> <span class='ocrx_word' id='word_1_68' title='bbox 1061 1403 1099 1471; x_wconf 84' lang='lat' dir='ltr'><strong>(r.</strong></span> <span class='ocrx_word' id='word_1_69' title='bbox 1115 1395 1151 1468; x_wconf 96' lang='lat' dir='ltr'><strong>ll,</strong></span> 
     </span>
     <span class='ocr_line' id='line_1_8' title="bbox 132 1481 1152 1561; baseline -0.004 -17"><span class='ocrx_word' id='word_1_70' title='bbox 132 1484 184 1544; x_wconf 90' lang='grc'><strong>66.</strong></span> <span class='ocrx_word' id='word_1_71' title='bbox 200 1481 258 1540; x_wconf 89' lang='lat' dir='ltr'><strong>lav.</strong></span> <span class='ocrx_word' id='word_1_72' title='bbox 273 1481 324 1553; x_wconf 93' lang='lat' dir='ltr'><strong>IX,</strong></span> <span class='ocrx_word' id='word_1_73' title='bbox 347 1486 398 1545; x_wconf 94' lang='grc'><strong>31.</strong></span> <span class='ocrx_word' id='word_1_74' title='bbox 419 1482 481 1542; x_wconf 90' lang='lat' dir='ltr'><strong>Nic.</strong></span> <span class='ocrx_word' id='word_1_75' title='bbox 499 1482 595 1543; x_wconf 87' lang='lat' dir='ltr'><strong>lleins.</strong></span> <span class='ocrx_word' id='word_1_76' title='bbox 609 1481 700 1542; x_wconf 86' lang='lat' dir='ltr'><strong>Advv.</strong></span> <span class='ocrx_word' id='word_1_77' title='bbox 723 1482 758 1554; x_wconf 88' lang='grc' dir='ltr'><strong>ΙΙ,</strong></span> <span class='ocrx_word' id='word_1_78' title='bbox 776 1487 814 1546; x_wconf 88' lang='grc'><strong>19</strong></span> <span class='ocrx_word' id='word_1_79' title='bbox 830 1503 857 1561; x_wconf 84' lang='lat' dir='ltr'><strong>p.</strong></span> <span class='ocrx_word' id='word_1_80' title='bbox 874 1486 966 1556; x_wconf 72' lang='grc'><strong>361),</strong></span> <span class='ocrx_word' id='word_1_81' title='bbox 991 1502 1053 1541; x_wconf 89' lang='lat' dir='ltr'><strong>nam</strong></span> <span class='ocrx_word' id='word_1_82' title='bbox 1078 1482 1152 1541; x_wconf 89' lang='lat' dir='ltr'><strong>sicut</strong></span> 
     </span>
     <span class='ocr_line' id='line_1_9' title="bbox 132 1566 1149 1648; baseline 0.002 -24"><span class='ocrx_word' id='word_1_83' title='bbox 132 1567 321 1645; x_wconf 77' lang='lat' dir='ltr'><strong>insanguine</strong></span> <span class='ocrx_word' id='word_1_84' title='bbox 350 1566 425 1648; x_wconf 90' lang='lat' dir='ltr'><strong>quod</strong></span> <span class='ocrx_word' id='word_1_85' title='bbox 450 1569 531 1628; x_wconf 82' lang='lat' dir='ltr'><strong>venis</strong></span> <span class='ocrx_word' id='word_1_86' title='bbox 562 1569 737 1640; x_wconf 78' lang='lat' dir='ltr'><strong>continetur,</strong></span> <span class='ocrx_word' id='word_1_87' title='bbox 776 1569 910 1627; x_wconf 86' lang='lat' dir='ltr'><strong>verevis</strong></span> <span class='ocrx_word' id='word_1_88' title='bbox 936 1587 970 1626; x_wconf 87' lang='lat' dir='ltr'><strong>ac</strong></span> <span class='ocrx_word' id='word_1_89' title='bbox 992 1569 1050 1627; x_wconf 84' lang='lat' dir='ltr'><strong>vita</strong></span> <span class='ocrx_word' id='word_1_90' title='bbox 1065 1569 1149 1638; x_wconf 87' lang='lat' dir='ltr'><strong>inest,</strong></span> 
     </span>
     <span class='ocr_line' id='line_1_10' title="bbox 132 1650 1149 1795; baseline 0 -84"><span class='ocrx_word' id='word_1_91' title='bbox 132 1671 205 1732; x_wconf 85' lang='lat' dir='ltr'><strong>quae</strong></span> <span class='ocrx_word' id='word_1_92' title='bbox 226 1670 348 1795; x_wconf 87' lang='lat' dir='ltr'><strong>corpore</strong></span> <span class='ocrx_word' id='word_1_93' title='bbox 371 1663 562 1725; x_wconf 77' lang='lat' dir='ltr'><strong>sustentatur,</strong></span> <span class='ocrx_word' id='word_1_94' title='bbox 585 1655 625 1712; x_wconf 90' lang='lat' dir='ltr'><strong>ita</strong></span> <span class='ocrx_word' id='word_1_95' title='bbox 644 1672 739 1712; x_wconf 86' lang='lat' dir='ltr'><strong>messe</strong></span> <span class='ocrx_word' id='word_1_96' title='bbox 759 1672 863 1732; x_wconf 88' lang='lat' dir='ltr'><strong>corpus</strong></span> <span class='ocrx_word' id='word_1_97' title='bbox 875 1650 1078 1732; x_wconf 76' lang='lat' dir='ltr'><strong>quodammodo</strong></span> <span class='ocrx_word' id='word_1_98' title='bbox 1094 1663 1149 1724; x_wconf 88' lang='lat' dir='ltr'><strong>est,</strong></span> 
     </span>
     <span class='ocr_line' id='line_1_11' title="bbox 130 1736 1149 1818; baseline 0 -23"><span class='ocrx_word' id='word_1_99' title='bbox 130 1756 188 1818; x_wconf 87' lang='lat' dir='ltr'><strong>qno</strong></span> <span class='ocrx_word' id='word_1_100' title='bbox 203 1746 278 1796; x_wconf 88' lang='lat' dir='ltr'><strong>meta</strong></span> <span class='ocrx_word' id='word_1_101' title='bbox 290 1738 344 1797; x_wconf 90' lang='lat' dir='ltr'><strong>lum</strong></span> <span class='ocrx_word' id='word_1_102' title='bbox 358 1741 488 1798; x_wconf 89' lang='lat' dir='ltr'><strong>vestitur.</strong></span> <span class='ocrx_word' id='word_1_103' title='bbox 516 1736 625 1797; x_wconf 85' lang='lat' dir='ltr'><strong>Eodem</strong></span> <span class='ocrx_word' id='word_1_104' title='bbox 639 1739 765 1817; x_wconf 81' lang='lat' dir='ltr'><strong>pertinet</strong></span> <span class='ocrx_word' id='word_1_105' title='bbox 778 1757 845 1797; x_wconf 90' lang='lat' dir='ltr'><strong>usus</strong></span> <span class='ocrx_word' id='word_1_106' title='bbox 856 1759 883 1797; x_wconf 86' lang='lat' dir='ltr'><strong>r.</strong></span> <span class='ocrx_word' id='word_1_107' title='bbox 898 1757 973 1798; x_wconf 85' lang='lat' dir='ltr'><strong>uena</strong></span> <span class='ocrx_word' id='word_1_108' title='bbox 986 1737 1021 1799; x_wconf 90' lang='lat' dir='ltr'><strong>de</strong></span> <span class='ocrx_word' id='word_1_109' title='bbox 1034 1738 1149 1816; x_wconf 84' lang='lat' dir='ltr'><strong>ingenio</strong></span> 
     </span>
     <span class='ocr_line' id='line_1_12' title="bbox 130 1822 1149 1904; baseline 0.001 -22"><span class='ocrx_word' id='word_1_110' title='bbox 130 1823 255 1903; x_wconf 83' lang='lat' dir='ltr'><strong>poetIco,</strong></span> <span class='ocrx_word' id='word_1_111' title='bbox 270 1824 335 1902; x_wconf 78' lang='lat' dir='ltr'><strong>quia</strong></span> <span class='ocrx_word' id='word_1_112' title='bbox 349 1823 459 1883; x_wconf 81' lang='lat' dir='ltr'><strong>sollicet</strong></span> <span class='ocrx_word' id='word_1_113' title='bbox 473 1822 640 1902; x_wconf 86' lang='lat' dir='ltr'><strong>procreandi</strong></span> <span class='ocrx_word' id='word_1_114' title='bbox 656 1826 698 1882; x_wconf 86' lang='lat' dir='ltr'><strong>vis</strong></span> <span class='ocrx_word' id='word_1_115' title='bbox 712 1833 766 1895; x_wconf 87' lang='lat' dir='ltr'><strong>est,</strong></span> <span class='ocrx_word' id='word_1_116' title='bbox 783 1844 864 1904; x_wconf 68' lang='grc' dir='ltr'><strong>ᾳιιιιιι</strong></span> <span class='ocrx_word' id='word_1_117' title='bbox 878 1824 906 1882; x_wconf 87' lang='lat' dir='ltr'><strong>io</strong></span> <span class='ocrx_word' id='word_1_118' title='bbox 923 1825 1014 1902; x_wconf 91' lang='lat' dir='ltr'><strong>poetis</strong></span> <span class='ocrx_word' id='word_1_119' title='bbox 1028 1824 1149 1883; x_wconf 83' lang='lat' dir='ltr'><strong>maxime</strong></span> 
     </span>
     <span class='ocr_line' id='line_1_13' title="bbox 131 1905 1150 1987; baseline 0 -20"><span class='ocrx_word' id='word_1_120' title='bbox 131 1905 301 1967; x_wconf 75' lang='lat' dir='ltr'><strong>admiramur</strong></span> <span class='ocrx_word' id='word_1_121' title='bbox 316 1908 396 1982; x_wconf 88' lang='lat' dir='ltr'><strong>(Iler.</strong></span> <span class='ocrx_word' id='word_1_122' title='bbox 415 1911 452 1969; x_wconf 83' lang='lat' dir='ltr'><strong>A.</strong></span> <span class='ocrx_word' id='word_1_123' title='bbox 467 1908 499 1968; x_wconf 88' lang='grc' dir='ltr'><strong>Ρ.</strong></span> <span class='ocrx_word' id='word_1_124' title='bbox 512 1913 585 1972; x_wconf 82' lang='grc'><strong>409.</strong></span> <span class='ocrx_word' id='word_1_125' title='bbox 599 1909 658 1969; x_wconf 85' lang='lat' dir='ltr'><strong>luv.</strong></span> <span class='ocrx_word' id='word_1_126' title='bbox 672 1908 733 1980; x_wconf 91' lang='lat' dir='ltr'><strong>Vll,</strong></span> <span class='ocrx_word' id='word_1_127' title='bbox 750 1913 790 1971; x_wconf 87' lang='grc'><strong>53</strong></span> <span class='ocrx_word' id='word_1_128' title='bbox 805 1909 844 1969; x_wconf 88' lang='lat' dir='ltr'><strong>ib.</strong></span> <span class='ocrx_word' id='word_1_129' title='bbox 860 1910 972 1987; x_wconf 80' lang='lat' dir='ltr'><strong>intpp).</strong></span> <span class='ocrx_word' id='word_1_130' title='bbox 1001 1908 1079 1968; x_wconf 87' lang='lat' dir='ltr'><strong>Bene</strong></span> <span class='ocrx_word' id='word_1_131' title='bbox 1096 1909 1150 1987; x_wconf 75' lang='lat' dir='ltr'><strong>igi·</strong></span> 
     </span>
     <span class='ocr_line' id='line_1_14' title="bbox 130 1992 1151 2075; baseline 0 -22"><span class='ocrx_word' id='word_1_132' title='bbox 130 2004 179 2053; x_wconf 91' lang='lat' dir='ltr'><strong>tur</strong></span> <span class='ocrx_word' id='word_1_133' title='bbox 192 1992 263 2053; x_wconf 81' lang='lat' dir='ltr'><strong>dixit</strong></span> <span class='ocrx_word' id='word_1_134' title='bbox 277 1996 402 2053; x_wconf 85' lang='lat' dir='ltr'><strong>uiueret.</strong></span> <span class='ocrx_word' id='word_1_135' title='bbox 425 1997 499 2066; x_wconf 85' lang='lat' dir='ltr'><strong>Hoc,</strong></span> <span class='ocrx_word' id='word_1_136' title='bbox 514 1993 587 2075; x_wconf 89' lang='lat' dir='ltr'><strong>quod</strong></span> <span class='ocrx_word' id='word_1_137' title='bbox 603 2005 631 2053; x_wconf 94' lang='lat' dir='ltr'><strong>tu</strong></span> <span class='ocrx_word' id='word_1_138' title='bbox 646 1993 726 2054; x_wconf 88' lang='lat' dir='ltr'><strong>modo</strong></span> <span class='ocrx_word' id='word_1_139' title='bbox 740 1994 843 2073; x_wconf 79' lang='lat' dir='ltr'><strong>legisti,</strong></span> <span class='ocrx_word' id='word_1_140' title='bbox 862 2004 893 2054; x_wconf 94' lang='lat' dir='ltr'><strong>ut</strong></span> <span class='ocrx_word' id='word_1_141' title='bbox 906 2015 932 2054; x_wconf 89' lang='lat' dir='ltr'><strong>v.</strong></span> <span class='ocrx_word' id='word_1_142' title='bbox 952 1998 1003 2066; x_wconf 90' lang='grc'><strong>96,</strong></span> <span class='ocrx_word' id='word_1_143' title='bbox 1018 1995 1151 2054; x_wconf 80' lang='lat' dir='ltr'><strong>delumbe</strong></span> 
     </span>
     <span class='ocr_line' id='line_1_15' title="bbox 131 2078 1151 2161; baseline -0.002 -22"><span class='ocrx_word' id='word_1_144' title='bbox 131 2089 186 2150; x_wconf 88' lang='lat' dir='ltr'><strong>est,</strong></span> <span class='ocrx_word' id='word_1_145' title='bbox 198 2079 240 2139; x_wconf 82' lang='lat' dir='ltr'><strong>cl.</strong></span> <span class='ocrx_word' id='word_1_146' title='bbox 256 2078 352 2138; x_wconf 88' lang='lat' dir='ltr'><strong>Sidou.</strong></span> <span class='ocrx_word' id='word_1_147' title='bbox 361 2080 486 2160; x_wconf 87' lang='lat' dir='ltr'><strong>Apolliu.</strong></span> <span class='ocrx_word' id='word_1_148' title='bbox 498 2099 562 2161; x_wconf 90' lang='lat' dir='ltr'><strong>epp.</strong></span> <span class='ocrx_word' id='word_1_149' title='bbox 572 2080 647 2151; x_wconf 90' lang='lat' dir='ltr'><strong>VIII,</strong></span> <span class='ocrx_word' id='word_1_150' title='bbox 658 2083 714 2143; x_wconf 81' lang='grc' dir='ltr'><strong>16ι</strong></span> <span class='ocrx_word' id='word_1_151' title='bbox 737 2078 909 2161; x_wconf 87' lang='lat' dir='ltr'><strong>„Siquidem</strong></span> <span class='ocrx_word' id='word_1_152' title='bbox 925 2091 1033 2140; x_wconf 87' lang='lat' dir='ltr'><strong>maturo</strong></span> <span class='ocrx_word' id='word_1_153' title='bbox 1050 2080 1151 2140; x_wconf 87' lang='lat' dir='ltr'><strong>lectori</strong></span> 
     </span>
     <span class='ocr_line' id='line_1_16' title="bbox 131 2163 1151 2246; baseline 0.001 -22"><span class='ocrx_word' id='word_1_154' title='bbox 131 2174 308 2225; x_wconf 70' lang='lat' dir='ltr'><strong>conmotam</strong></span> <span class='ocrx_word' id='word_1_155' title='bbox 324 2163 409 2225; x_wconf 86' lang='lat' dir='ltr'><strong>dictio</strong></span> <span class='ocrx_word' id='word_1_156' title='bbox 423 2168 666 2239; x_wconf 83' lang='lat' dir='ltr'><strong>exossis,teueru,</strong></span> <span class='ocrx_word' id='word_1_157' title='bbox 682 2167 835 2238; x_wconf 80' lang='lat' dir='ltr'><strong>delumbis,</strong></span> <span class='ocrx_word' id='word_1_158' title='bbox 845 2175 977 2246; x_wconf 80' lang='lat' dir='ltr'><strong>quartum</strong></span> <span class='ocrx_word' id='word_1_159' title='bbox 993 2165 1151 2237; x_wconf 75' lang='lat' dir='ltr'><strong>vetuscula,</strong></span> 
     </span>
     <span class='ocr_line' id='line_1_17' title="bbox 131 2252 1152 2332; baseline -0.001 -22"><span class='ocrx_word' id='word_1_160' title='bbox 131 2261 232 2310; x_wconf 87' lang='lat' dir='ltr'><strong>torosa</strong></span> <span class='ocrx_word' id='word_1_161' title='bbox 249 2261 280 2310; x_wconf 91' lang='lat' dir='ltr'><strong>et</strong></span> <span class='ocrx_word' id='word_1_162' title='bbox 301 2254 382 2332; x_wconf 86' lang='lat' dir='ltr'><strong>quasi</strong></span> <span class='ocrx_word' id='word_1_163' title='bbox 405 2253 530 2311; x_wconf 84' lang='lat' dir='ltr'><strong>mascula</strong></span> <span class='ocrx_word' id='word_1_164' title='bbox 552 2253 655 2332; x_wconf 84' lang='lat' dir='ltr'><strong>placet.</strong></span> <span class='ocrx_word' id='word_1_165' title='bbox 699 2252 740 2311; x_wconf 88' lang='lat' dir='ltr'><strong>lta</strong></span> <span class='ocrx_word' id='word_1_166' title='bbox 769 2252 936 2312; x_wconf 81' lang='lat' dir='ltr'><strong>Ciceronem</strong></span> <span class='ocrx_word' id='word_1_167' title='bbox 960 2253 1099 2311; x_wconf 81' lang='lat' dir='ltr'><strong>elumbem</strong></span> <span class='ocrx_word' id='word_1_168' title='bbox 1121 2261 1152 2311; x_wconf 92' lang='lat' dir='ltr'><strong>et</strong></span> 
     </span>
     <span class='ocr_line' id='line_1_18' title="bbox 131 2336 1150 2412; baseline 0 -17"><span class='ocrx_word' id='word_1_169' title='bbox 131 2337 252 2396; x_wconf 80' lang='lat' dir='ltr'><strong>fractum</strong></span> <span class='ocrx_word' id='word_1_170' title='bbox 265 2339 377 2395; x_wconf 84' lang='lat' dir='ltr'><strong>vocavit</strong></span> <span class='ocrx_word' id='word_1_171' title='bbox 391 2338 494 2396; x_wconf 87' lang='lat' dir='ltr'><strong>Brutus</strong></span> <span class='ocrx_word' id='word_1_172' title='bbox 509 2337 590 2412; x_wconf 80' lang='lat' dir='ltr'><strong>(lac.</strong></span> <span class='ocrx_word' id='word_1_173' title='bbox 607 2336 673 2396; x_wconf 89' lang='lat' dir='ltr'><strong>dial.</strong></span> <span class='ocrx_word' id='word_1_174' title='bbox 689 2342 750 2409; x_wconf 82' lang='lat'><strong>18).</strong></span> <span class='ocrx_word' id='word_1_175' title='bbox 774 2337 826 2409; x_wconf 81' lang='lat' dir='ltr'><strong>Qui</strong></span> <span class='ocrx_word' id='word_1_176' title='bbox 843 2347 908 2397; x_wconf 89' lang='lat' dir='ltr'><strong>sunt</strong></span> <span class='ocrx_word' id='word_1_177' title='bbox 922 2339 1001 2397; x_wconf 82' lang='lat' dir='ltr'><strong>leves</strong></span> <span class='ocrx_word' id='word_1_178' title='bbox 1013 2348 1042 2397; x_wconf 91' lang='lat' dir='ltr'><strong>et</strong></span> <span class='ocrx_word' id='word_1_179' title='bbox 1055 2337 1150 2396; x_wconf 84' lang='lat' dir='ltr'><strong>futiles</strong></span> 
     </span>
     <span class='ocr_line' id='line_1_19' title="bbox 131 2422 1151 2502; baseline 0 -21"><span class='ocrx_word' id='word_1_180' title='bbox 131 2433 162 2481; x_wconf 89' lang='lat' dir='ltr'><strong>et</strong></span> <span class='ocrx_word' id='word_1_181' title='bbox 176 2422 326 2500; x_wconf 89' lang='lat' dir='ltr'><strong>importuni</strong></span> <span class='ocrx_word' id='word_1_182' title='bbox 349 2423 509 2493; x_wconf 91' lang='lat' dir='ltr'><strong>locutores,</strong></span> <span class='ocrx_word' id='word_1_183' title='bbox 530 2434 560 2482; x_wconf 93' lang='lat' dir='ltr'><strong>ut</strong></span> <span class='ocrx_word' id='word_1_184' title='bbox 576 2422 682 2483; x_wconf 84' lang='lat' dir='ltr'><strong>Gellius</strong></span> <span class='ocrx_word' id='word_1_185' title='bbox 707 2423 739 2495; x_wconf 90' lang='lat' dir='ltr'><strong>(l,</strong></span> <span class='ocrx_word' id='word_1_186' title='bbox 759 2429 809 2495; x_wconf 84' lang='grc'><strong>15)</strong></span> <span class='ocrx_word' id='word_1_187' title='bbox 824 2425 873 2493; x_wconf 86' lang='lat' dir='ltr'><strong>ait,</strong></span> <span class='ocrx_word' id='word_1_188' title='bbox 895 2425 996 2502; x_wconf 90' lang='lat' dir='ltr'><strong>quique</strong></span> <span class='ocrx_word' id='word_1_189' title='bbox 1012 2423 1086 2481; x_wconf 91' lang='lat' dir='ltr'><strong>nullo</strong></span> <span class='ocrx_word' id='word_1_190' title='bbox 1102 2442 1151 2481; x_wconf 88' lang='lat' dir='ltr'><strong>re·</strong></span> 
     </span>
     <span class='ocr_line' id='line_1_20' title="bbox 131 2505 1149 2590; baseline -0.001 -23"><span class='ocrx_word' id='word_1_191' title='bbox 131 2527 193 2567; x_wconf 89' lang='lat' dir='ltr'><strong>rum</strong></span> <span class='ocrx_word' id='word_1_192' title='bbox 215 2505 340 2585; x_wconf 91' lang='lat' dir='ltr'><strong>pondere</strong></span> <span class='ocrx_word' id='word_1_193' title='bbox 363 2510 449 2567; x_wconf 85' lang='lat' dir='ltr'><strong>innixi</strong></span> <span class='ocrx_word' id='word_1_194' title='bbox 468 2510 566 2568; x_wconf 85' lang='lat' dir='ltr'><strong>uerbis</strong></span> <span class='ocrx_word' id='word_1_195' title='bbox 587 2510 713 2567; x_wconf 76' lang='lat' dir='ltr'><strong>humidis</strong></span> <span class='ocrx_word' id='word_1_196' title='bbox 733 2519 765 2567; x_wconf 87' lang='lat' dir='ltr'><strong>et</strong></span> <span class='ocrx_word' id='word_1_197' title='bbox 782 2508 969 2587; x_wconf 79' lang='lat' dir='ltr'><strong>lapsantibus</strong></span> <span class='ocrx_word' id='word_1_198' title='bbox 994 2507 1149 2590; x_wconf 74' lang='lat' dir='ltr'><strong>diffluunt,</strong></span> 
     </span>
     <span class='ocr_line' id='line_1_21' title="bbox 131 2593 1151 2665; baseline -0.001 -14"><span class='ocrx_word' id='word_1_199' title='bbox 131 2610 227 2652; x_wconf 90' lang='lat' dir='ltr'><strong>eornm</strong></span> <span class='ocrx_word' id='word_1_200' title='bbox 250 2594 406 2652; x_wconf 90' lang='lat' dir='ltr'><strong>orationem</strong></span> <span class='ocrx_word' id='word_1_201' title='bbox 426 2593 500 2652; x_wconf 86' lang='lat' dir='ltr'><strong>bene</strong></span> <span class='ocrx_word' id='word_1_202' title='bbox 521 2595 708 2652; x_wconf 86' lang='lat' dir='ltr'><strong>existimatum</strong></span> <span class='ocrx_word' id='word_1_203' title='bbox 731 2603 775 2652; x_wconf 90' lang='lat' dir='ltr'><strong>est</strong></span> <span class='ocrx_word' id='word_1_204' title='bbox 794 2595 824 2652; x_wconf 86' lang='lat' dir='ltr'><strong>r&#39;n</strong></span> <span class='ocrx_word' id='word_1_205' title='bbox 847 2614 899 2652; x_wconf 90' lang='lat' dir='ltr'><strong>ore</strong></span> <span class='ocrx_word' id='word_1_206' title='bbox 917 2596 1021 2665; x_wconf 85' lang='lat' dir='ltr'><strong>nasei,</strong></span> <span class='ocrx_word' id='word_1_207' title='bbox 1046 2613 1100 2652; x_wconf 88' lang='lat' dir='ltr'><strong>uon</strong></span> <span class='ocrx_word' id='word_1_208' title='bbox 1123 2594 1151 2651; x_wconf 90' lang='lat' dir='ltr'><strong>in</strong></span> 
     </span>
     <span class='ocr_line' id='line_1_22' title="bbox 131 2673 1148 2761; baseline 0 -24"><span class='ocrx_word' id='word_1_209' title='bbox 131 2688 251 2757; x_wconf 89' lang='lat' dir='ltr'><strong>pectore</strong></span> <span class='ocrx_word' id='word_1_210' title='bbox 273 2680 323 2750; x_wconf 86' lang='lat' dir='ltr'><strong>(cf.</strong></span> <span class='ocrx_word' id='word_1_211' title='bbox 348 2677 486 2737; x_wconf 89' lang='lat' dir='ltr'><strong>Graecum</strong></span> <span class='ocrx_word' id='word_1_212' title='bbox 505 2675 623 2759; x_wconf 74' lang='grc' dir='ltr'><strong><em>ῥήματα</em></strong></span> <span class='ocrx_word' id='word_1_213' title='bbox 637 2673 697 2738; x_wconf 83' lang='lat' dir='ltr'><strong>eiad</strong></span> <span class='ocrx_word' id='word_1_214' title='bbox 710 2674 842 2757; x_wconf 69' lang='grc' dir='ltr'><strong>χειλέων,</strong></span> <span class='ocrx_word' id='word_1_215' title='bbox 858 2674 917 2739; x_wconf 80' lang='grc' dir='ltr'><strong>ἀπὸ</strong></span> <span class='ocrx_word' id='word_1_216' title='bbox 934 2676 1062 2761; x_wconf 75' lang='grc' dir='ltr'><strong><em>καρδίας</em></strong></span> <span class='ocrx_word' id='word_1_217' title='bbox 1074 2677 1148 2737; x_wconf 90' lang='lat' dir='ltr'><strong>Plut.</strong></span> 
     </span>
     <span class='ocr_line' id='line_1_23' title="bbox 132 2763 1150 2843; baseline -0.001 -22"><span class='ocrx_word' id='word_1_218' title='bbox 132 2763 277 2822; x_wconf 84' lang='lat' dir='ltr'><strong>CatamaI.</strong></span> <span class='ocrx_word' id='word_1_219' title='bbox 289 2767 351 2836; x_wconf 94' lang='grc'><strong>12).</strong></span> <span class='ocrx_word' id='word_1_220' title='bbox 368 2763 446 2822; x_wconf 92' lang='lat' dir='ltr'><strong>Unde</strong></span> <span class='ocrx_word' id='word_1_221' title='bbox 461 2764 648 2836; x_wconf 84' lang='lat' dir='ltr'><strong>Quintilianus</strong></span> <span class='ocrx_word' id='word_1_222' title='bbox 665 2764 714 2837; x_wconf 89' lang='grc' dir='ltr'><strong>(Χ,</strong></span> <span class='ocrx_word' id='word_1_223' title='bbox 730 2768 760 2834; x_wconf 90' lang='grc'><strong>3,</strong></span> <span class='ocrx_word' id='word_1_224' title='bbox 774 2767 806 2835; x_wconf 97' lang='grc'><strong>2)</strong></span> <span class='ocrx_word' id='word_1_225' title='bbox 822 2766 934 2823; x_wconf 83' lang='lat' dir='ltr'><strong>Inonem</strong></span> <span class='ocrx_word' id='word_1_226' title='bbox 952 2764 1150 2843; x_wconf 85' lang='lat' dir='ltr'><strong>loquacitatem</strong></span> 
     </span>
     <span class='ocr_line' id='line_1_24' title="bbox 133 2848 1151 2927; baseline -0.001 -19"><span class='ocrx_word' id='word_1_227' title='bbox 133 2848 263 2908; x_wconf 85' lang='lat' dir='ltr'><strong>etverba</strong></span> <span class='ocrx_word' id='word_1_228' title='bbox 288 2851 315 2907; x_wconf 90' lang='lat' dir='ltr'><strong>in</strong></span> <span class='ocrx_word' id='word_1_229' title='bbox 335 2849 420 2908; x_wconf 92' lang='lat' dir='ltr'><strong>labris</strong></span> <span class='ocrx_word' id='word_1_230' title='bbox 437 2852 583 2909; x_wconf 84' lang='lat' dir='ltr'><strong>nascentia</strong></span> <span class='ocrx_word' id='word_1_231' title='bbox 607 2850 667 2907; x_wconf 91' lang='lat' dir='ltr'><strong>sine</strong></span> <span class='ocrx_word' id='word_1_232' title='bbox 690 2850 862 2908; x_wconf 85' lang='lat' dir='ltr'><strong>couscientia</strong></span> <span class='ocrx_word' id='word_1_233' title='bbox 883 2850 1030 2927; x_wconf 84' lang='lat' dir='ltr'><strong>proiectus</strong></span> <span class='ocrx_word' id='word_1_234' title='bbox 1052 2867 1108 2907; x_wconf 89' lang='lat' dir='ltr'><strong>aaa</strong></span> <span class='ocrx_word' id='word_1_235' title='bbox 1133 2867 1151 2907; x_wconf 88' lang='lat' dir='ltr'><strong>a</strong></span> 
     </span>
     <span class='ocr_line' id='line_1_25' title="bbox 131 2932 1150 3012; baseline -0.001 -19"><span class='ocrx_word' id='word_1_236' title='bbox 131 2948 241 2993; x_wconf 89' lang='lat' dir='ltr'><strong>summo</strong></span> <span class='ocrx_word' id='word_1_237' title='bbox 262 2936 342 3011; x_wconf 90' lang='lat' dir='ltr'><strong>petiti</strong></span> <span class='ocrx_word' id='word_1_238' title='bbox 361 2933 421 2992; x_wconf 90' lang='lat' dir='ltr'><strong>dari</strong></span> <span class='ocrx_word' id='word_1_239' title='bbox 441 2945 551 3004; x_wconf 89' lang='lat' dir='ltr'><strong>monet,</strong></span> <span class='ocrx_word' id='word_1_240' title='bbox 573 2945 603 2993; x_wconf 87' lang='lat' dir='ltr'><strong>et</strong></span> <span class='ocrx_word' id='word_1_241' title='bbox 624 2935 701 2993; x_wconf 88' lang='lat' dir='ltr'><strong>clare</strong></span> <span class='ocrx_word' id='word_1_242' title='bbox 723 2932 794 2992; x_wconf 82' lang='lat' dir='ltr'><strong>dixit</strong></span> <span class='ocrx_word' id='word_1_243' title='bbox 816 2934 926 2993; x_wconf 87' lang='lat' dir='ltr'><strong>Seneca</strong></span> <span class='ocrx_word' id='word_1_244' title='bbox 951 2942 1026 3012; x_wconf 80' lang='lat' dir='ltr'><strong>(epp.</strong></span> <span class='ocrx_word' id='word_1_245' title='bbox 1044 2934 1080 3004; x_wconf 87' lang='lat' dir='ltr'><strong>X,</strong></span> <span class='ocrx_word' id='word_1_246' title='bbox 1100 2937 1150 3003; x_wconf 81' lang='lat'><strong>3)=</strong></span> 
     </span>
     <span class='ocr_line' id='line_1_26' title="bbox 132 3016 1150 3091; baseline -0.004 -12"><span class='ocrx_word' id='word_1_247' title='bbox 132 3017 195 3079; x_wconf 90' lang='lat' dir='ltr'><strong>Nou</strong></span> <span class='ocrx_word' id='word_1_248' title='bbox 212 3039 230 3077; x_wconf 91' lang='lat' dir='ltr'><strong>a</strong></span> <span class='ocrx_word' id='word_1_249' title='bbox 247 3022 364 3078; x_wconf 70' lang='lat' dir='ltr'><strong>summas</strong></span> <span class='ocrx_word' id='word_1_250' title='bbox 389 3021 483 3079; x_wconf 83' lang='lat' dir='ltr'><strong>labris</strong></span> <span class='ocrx_word' id='word_1_251' title='bbox 506 3022 561 3078; x_wconf 89' lang='lat' dir='ltr'><strong>ista</strong></span> <span class='ocrx_word' id='word_1_252' title='bbox 584 3030 738 3091; x_wconf 85' lang='lat' dir='ltr'><strong>venerunt,</strong></span> <span class='ocrx_word' id='word_1_253' title='bbox 755 3019 860 3076; x_wconf 85' lang='lat' dir='ltr'><strong>habent</strong></span> <span class='ocrx_word' id='word_1_254' title='bbox 880 3021 934 3077; x_wconf 89' lang='lat' dir='ltr'><strong>hae</strong></span> <span class='ocrx_word' id='word_1_255' title='bbox 949 3038 1035 3079; x_wconf 88' lang='lat' dir='ltr'><strong>voces</strong></span> <span class='ocrx_word' id='word_1_256' title='bbox 1051 3016 1150 3078; x_wconf 89' lang='lat' dir='ltr'><strong>lunda·</strong></span> 
     </span>
     <span class='ocr_line' id='line_1_27' title="bbox 133 3103 1152 3183; baseline 0 -21"><span class='ocrx_word' id='word_1_257' title='bbox 133 3115 264 3162; x_wconf 89' lang='lat' dir='ltr'><strong>mentum.</strong></span> <span class='ocrx_word' id='word_1_258' title='bbox 288 3103 363 3164; x_wconf 90' lang='lat' dir='ltr'><strong>Idem</strong></span> <span class='ocrx_word' id='word_1_259' title='bbox 375 3106 462 3183; x_wconf 80' lang='lat' dir='ltr'><strong>igitur</strong></span> <span class='ocrx_word' id='word_1_260' title='bbox 476 3107 578 3162; x_wconf 89' lang='lat' dir='ltr'><strong>fortius</strong></span> <span class='ocrx_word' id='word_1_261' title='bbox 590 3107 734 3182; x_wconf 84' lang='lat' dir='ltr'><strong>expressit</strong></span> <span class='ocrx_word' id='word_1_262' title='bbox 750 3103 874 3174; x_wconf 86' lang='lat' dir='ltr'><strong>Persius,</strong></span> <span class='ocrx_word' id='word_1_263' title='bbox 891 3114 998 3163; x_wconf 80' lang='lat' dir='ltr'><strong>aratore</strong></span> <span class='ocrx_word' id='word_1_264' title='bbox 1013 3104 1152 3163; x_wconf 74' lang='lat' dir='ltr'><strong>calabris</strong></span> 
     </span>
     <span class='ocr_line' id='line_1_28' title="bbox 130 3186 1153 3270; baseline -0.001 -23"><span class='ocrx_word' id='word_1_265' title='bbox 130 3209 242 3248; x_wconf 85' lang='lat' dir='ltr'><strong>summa</strong></span> <span class='ocrx_word' id='word_1_266' title='bbox 256 3192 364 3250; x_wconf 84' lang='lat' dir='ltr'><strong>saliua.</strong></span> <span class='ocrx_word' id='word_1_267' title='bbox 395 3193 430 3248; x_wconf 88' lang='lat' dir='ltr'><strong>Iu</strong></span> <span class='ocrx_word' id='word_1_268' title='bbox 446 3193 502 3248; x_wconf 88' lang='lat' dir='ltr'><strong>udo</strong></span> <span class='ocrx_word' id='word_1_269' title='bbox 524 3201 580 3261; x_wconf 83' lang='lat' dir='ltr'><strong>est,</strong></span> <span class='ocrx_word' id='word_1_270' title='bbox 605 3190 687 3268; x_wconf 90' lang='lat' dir='ltr'><strong>plane</strong></span> <span class='ocrx_word' id='word_1_271' title='bbox 708 3188 864 3267; x_wconf 84' lang='lat' dir='ltr'><strong>respondet</strong></span> <span class='ocrx_word' id='word_1_272' title='bbox 882 3188 992 3248; x_wconf 88' lang='lat' dir='ltr'><strong>Graeco</strong></span> <span class='ocrx_word' id='word_1_273' title='bbox 1018 3186 1049 3247; x_wconf 79' lang='lat' dir='ltr'><strong>iu</strong></span> <span class='ocrx_word' id='word_1_274' title='bbox 1068 3186 1153 3270; x_wconf 74' lang='grc' dir='ltr'><strong>ὑγρῷ</strong></span> 
     </span>
     <span class='ocr_line' id='line_1_29' title="bbox 133 3272 1270 3354; baseline -0.003 -22"><span class='ocrx_word' id='word_1_275' title='bbox 133 3272 212 3333; x_wconf 74' lang='grc' dir='ltr'><strong>ἐστιν</strong></span> <span class='ocrx_word' id='word_1_276' title='bbox 223 3272 241 3347; x_wconf 75' lang='grc' dir='ltr'><em>ἦ</em></span> <span class='ocrx_word' id='word_1_277' title='bbox 254 3277 379 3353; x_wconf 67' lang='grc' dir='ltr'><strong>γλῶττα,</strong></span> <span class='ocrx_word' id='word_1_278' title='bbox 397 3275 470 3354; x_wconf 88' lang='lat' dir='ltr'><strong>quod</strong></span> <span class='ocrx_word' id='word_1_279' title='bbox 486 3274 521 3335; x_wconf 93' lang='lat' dir='ltr'><strong>de</strong></span> <span class='ocrx_word' id='word_1_280' title='bbox 536 3275 654 3354; x_wconf 89' lang='lat' dir='ltr'><strong>quaace</strong></span> <span class='ocrx_word' id='word_1_281' title='bbox 669 3277 708 3333; x_wconf 88' lang='lat' dir='ltr'><strong>ait</strong></span> <span class='ocrx_word' id='word_1_282' title='bbox 722 3274 936 3353; x_wconf 86' lang='lat' dir='ltr'><strong>Theophrastus</strong></span> <span class='ocrx_word' id='word_1_283' title='bbox 952 3274 1042 3346; x_wconf 85' lang='lat' dir='ltr'><strong>(char.</strong></span> <span class='ocrx_word' id='word_1_284' title='bbox 1059 3277 1102 3345; x_wconf 89' lang='lat'><strong>8),</strong></span> <span class='ocrx_word' id='word_1_285' title='bbox 1122 3283 1153 3331; x_wconf 89' lang='lat' dir='ltr'><strong>et</strong></span> <span class='ocrx_word' id='word_1_286' title='bbox 1264 3320 1270 3343; x_wconf 81' lang='grc'><strong>,</strong></span> 
     </span>
     <span class='ocr_line' id='line_1_30' title="bbox 132 3357 1152 3440; baseline -0.001 -22"><span class='ocrx_word' id='word_1_287' title='bbox 132 3369 163 3418; x_wconf 89' lang='lat' dir='ltr'><strong>et</strong></span> <span class='ocrx_word' id='word_1_288' title='bbox 177 3359 249 3419; x_wconf 87' lang='lat' dir='ltr'><strong>idem</strong></span> <span class='ocrx_word' id='word_1_289' title='bbox 267 3361 408 3436; x_wconf 77' lang='lat' dir='ltr'><strong>sigulficat</strong></span> <span class='ocrx_word' id='word_1_290' title='bbox 425 3363 470 3432; x_wconf 84' lang='lat' dir='ltr'><strong>ils,</strong></span> <span class='ocrx_word' id='word_1_291' title='bbox 494 3381 565 3440; x_wconf 86' lang='lat' dir='ltr'><strong>quae</strong></span> <span class='ocrx_word' id='word_1_292' title='bbox 588 3358 773 3438; x_wconf 87' lang='lat' dir='ltr'><strong>praecedunt.</strong></span> <span class='ocrx_word' id='word_1_293' title='bbox 816 3362 906 3419; x_wconf 76' lang='lat' dir='ltr'><strong>lidum</strong></span> <span class='ocrx_word' id='word_1_294' title='bbox 928 3370 1019 3418; x_wconf 86' lang='lat' dir='ltr'><strong>autem</strong></span> <span class='ocrx_word' id='word_1_295' title='bbox 1043 3357 1079 3417; x_wconf 89' lang='lat' dir='ltr'><strong>de</strong></span> <span class='ocrx_word' id='word_1_296' title='bbox 1100 3377 1152 3417; x_wconf 86' lang='lat' dir='ltr'><strong>ore</strong></span> 
     </span>
     <span class='ocr_line' id='line_1_31' title="bbox 131 3444 1148 3524; baseline -0.002 -20"><span class='ocrx_word' id='word_1_297' title='bbox 131 3456 161 3504; x_wconf 88' lang='lat' dir='ltr'><strong>et</strong></span> <span class='ocrx_word' id='word_1_298' title='bbox 177 3447 265 3503; x_wconf 84' lang='lat' dir='ltr'><strong>salira</strong></span> <span class='ocrx_word' id='word_1_299' title='bbox 279 3445 390 3517; x_wconf 88' lang='lat' dir='ltr'><strong>dicitur,</strong></span> <span class='ocrx_word' id='word_1_300' title='bbox 415 3467 441 3505; x_wconf 89' lang='lat' dir='ltr'><strong>v.</strong></span> <span class='ocrx_word' id='word_1_301' title='bbox 463 3446 497 3518; x_wconf 95' lang='lat' dir='ltr'><strong>ll,</strong></span> <span class='ocrx_word' id='word_1_302' title='bbox 515 3451 565 3508; x_wconf 90' lang='grc'><strong>32.</strong></span> <span class='ocrx_word' id='word_1_303' title='bbox 586 3447 667 3524; x_wconf 86' lang='lat' dir='ltr'><strong>Virg.</strong></span> <span class='ocrx_word' id='word_1_304' title='bbox 689 3445 795 3523; x_wconf 87' lang='lat' dir='ltr'><strong>Georg.</strong></span> <span class='ocrx_word' id='word_1_305' title='bbox 817 3445 949 3516; x_wconf 66' lang='grc'><strong>111380.</strong></span> <span class='ocrx_word' id='word_1_306' title='bbox 972 3444 1031 3504; x_wconf 89' lang='lat' dir='ltr'><strong>luv.</strong></span> <span class='ocrx_word' id='word_1_307' title='bbox 1058 3444 1080 3514; x_wconf 87' lang='lat' dir='ltr'><strong>I,</strong></span> <span class='ocrx_word' id='word_1_308' title='bbox 1097 3447 1148 3505; x_wconf 87' lang='grc'><strong>68.</strong></span> 
     </span>
     <span class='ocr_line' id='line_1_32' title="bbox 131 3529 1151 3608; baseline -0.001 -21"><span class='ocrx_word' id='word_1_309' title='bbox 131 3529 217 3588; x_wconf 83' lang='grc' dir='ltr'><strong>Μιιιι.</strong></span> <span class='ocrx_word' id='word_1_310' title='bbox 238 3530 311 3602; x_wconf 88' lang='lat' dir='ltr'><strong>Vlll,</strong></span> <span class='ocrx_word' id='word_1_311' title='bbox 327 3537 378 3601; x_wconf 80' lang='grc'><strong>14,</strong></span> <span class='ocrx_word' id='word_1_312' title='bbox 401 3537 430 3592; x_wconf 88' lang='grc'><strong>5.</strong></span> <span class='ocrx_word' id='word_1_313' title='bbox 459 3531 510 3590; x_wconf 81' lang='lat' dir='ltr'><strong>Vs.</strong></span> <span class='ocrx_word' id='word_1_314' title='bbox 527 3535 588 3593; x_wconf 87' lang='grc'><strong>106</strong></span> <span class='ocrx_word' id='word_1_315' title='bbox 610 3530 725 3590; x_wconf 88' lang='lat' dir='ltr'><strong>Persius</strong></span> <span class='ocrx_word' id='word_1_316' title='bbox 748 3550 784 3589; x_wconf 86' lang='lat' dir='ltr'><strong>ea</strong></span> <span class='ocrx_word' id='word_1_317' title='bbox 807 3551 862 3589; x_wconf 91' lang='lat' dir='ltr'><strong>non</strong></span> <span class='ocrx_word' id='word_1_318' title='bbox 883 3531 1007 3608; x_wconf 85' lang='lat' dir='ltr'><strong>perspici</strong></span> <span class='ocrx_word' id='word_1_319' title='bbox 1021 3548 1107 3607; x_wconf 88' lang='lat' dir='ltr'><strong>posse</strong></span> <span class='ocrx_word' id='word_1_320' title='bbox 1124 3531 1151 3586; x_wconf 92' lang='lat' dir='ltr'><strong>in</strong></span> 
     </span>
     <span class='ocr_line' id='line_1_33' title="bbox 133 3614 1152 3696; baseline 0.003 -24"><span class='ocrx_word' id='word_1_321' title='bbox 133 3614 213 3675; x_wconf 88' lang='lat' dir='ltr'><strong>hisce</strong></span> <span class='ocrx_word' id='word_1_322' title='bbox 229 3616 398 3675; x_wconf 84' lang='lat' dir='ltr'><strong>carminibus</strong></span> <span class='ocrx_word' id='word_1_323' title='bbox 416 3618 564 3695; x_wconf 85' lang='lat' dir='ltr'><strong>significat,</strong></span> <span class='ocrx_word' id='word_1_324' title='bbox 579 3636 663 3696; x_wconf 89' lang='lat' dir='ltr'><strong>quae,</strong></span> <span class='ocrx_word' id='word_1_325' title='bbox 682 3627 713 3674; x_wconf 93' lang='lat' dir='ltr'><strong>ut</strong></span> <span class='ocrx_word' id='word_1_326' title='bbox 728 3616 914 3688; x_wconf 82' lang='lat' dir='ltr'><strong>Quintilianus</strong></span> <span class='ocrx_word' id='word_1_327' title='bbox 935 3619 974 3674; x_wconf 91' lang='lat' dir='ltr'><strong>ait</strong></span> <span class='ocrx_word' id='word_1_328' title='bbox 987 3614 1036 3688; x_wconf 88' lang='lat' dir='ltr'><strong>(X,</strong></span> <span class='ocrx_word' id='word_1_329' title='bbox 1052 3618 1082 3683; x_wconf 89' lang='grc'><strong>3,</strong></span> <span class='ocrx_word' id='word_1_330' title='bbox 1099 3618 1152 3688; x_wconf 89' lang='grc'><strong>21)</strong></span> 
     </span>
     <span class='ocr_line' id='line_1_34' title="bbox 132 3700 1152 3780; baseline -0.001 -22"><span class='ocrx_word' id='word_1_331' title='bbox 132 3700 179 3758; x_wconf 87' lang='lat' dir='ltr'><strong>ubi</strong></span> <span class='ocrx_word' id='word_1_332' title='bbox 197 3702 250 3760; x_wconf 85' lang='lat' dir='ltr'><strong>hoc</strong></span> <span class='ocrx_word' id='word_1_333' title='bbox 266 3702 329 3760; x_wconf 87' lang='lat' dir='ltr'><strong>loeo</strong></span> <span class='ocrx_word' id='word_1_334' title='bbox 347 3704 450 3772; x_wconf 89' lang='lat' dir='ltr'><strong>utitur,</strong></span> <span class='ocrx_word' id='word_1_335' title='bbox 474 3703 602 3761; x_wconf 87' lang='lat' dir='ltr'><strong>altiorem</strong></span> <span class='ocrx_word' id='word_1_336' title='bbox 623 3703 707 3760; x_wconf 83' lang='lat' dir='ltr'><strong>aalmi</strong></span> <span class='ocrx_word' id='word_1_337' title='bbox 723 3713 824 3759; x_wconf 90' lang='lat' dir='ltr'><strong>motum</strong></span> <span class='ocrx_word' id='word_1_338' title='bbox 847 3712 1009 3780; x_wconf 86' lang='lat' dir='ltr'><strong>sequuntur,</strong></span> <span class='ocrx_word' id='word_1_339' title='bbox 1024 3717 1152 3779; x_wconf 86' lang='lat' dir='ltr'><strong>quaeque</strong></span> 
     </span>
     <span class='ocr_line' id='line_1_35' title="bbox 132 3785 1153 3866; baseline -0.003 -23"><span class='ocrx_word' id='word_1_340' title='bbox 132 3788 195 3863; x_wconf 84' lang='lat' dir='ltr'><strong>Ipsa</strong></span> <span class='ocrx_word' id='word_1_341' title='bbox 217 3789 336 3845; x_wconf 86' lang='lat' dir='ltr'><strong>animum</strong></span> <span class='ocrx_word' id='word_1_342' title='bbox 361 3786 563 3866; x_wconf 85' lang='lat' dir='ltr'><strong>quodammodo</strong></span> <span class='ocrx_word' id='word_1_343' title='bbox 586 3789 741 3846; x_wconf 84' lang='lat' dir='ltr'><strong>concitent.</strong></span> <span class='ocrx_word' id='word_1_344' title='bbox 788 3789 910 3845; x_wconf 84' lang='lat' dir='ltr'><strong>Pluteus</strong></span> <span class='ocrx_word' id='word_1_345' title='bbox 935 3785 998 3866; x_wconf 89' lang='lat' dir='ltr'><strong>quid</strong></span> <span class='ocrx_word' id='word_1_346' title='bbox 1024 3788 1075 3852; x_wconf 88' lang='lat' dir='ltr'><strong>sit,</strong></span> <span class='ocrx_word' id='word_1_347' title='bbox 1098 3804 1153 3842; x_wconf 90' lang='lat' dir='ltr'><strong>uon</strong></span> 
     </span>
     <span class='ocr_line' id='line_1_36' title="bbox 132 3868 1152 3950; baseline -0.002 -22"><span class='ocrx_word' id='word_1_348' title='bbox 132 3890 202 3928; x_wconf 86' lang='lat' dir='ltr'><strong>sane</strong></span> <span class='ocrx_word' id='word_1_349' title='bbox 217 3873 294 3930; x_wconf 90' lang='lat' dir='ltr'><strong>clare</strong></span> <span class='ocrx_word' id='word_1_350' title='bbox 312 3874 491 3950; x_wconf 86' lang='lat' dir='ltr'><strong>perspicitur.</strong></span> <span class='ocrx_word' id='word_1_351' title='bbox 526 3872 639 3931; x_wconf 87' lang='lat' dir='ltr'><strong>Pluteos</strong></span> <span class='ocrx_word' id='word_1_352' title='bbox 656 3874 731 3930; x_wconf 87' lang='lat' dir='ltr'><strong>circa</strong></span> <span class='ocrx_word' id='word_1_353' title='bbox 748 3874 874 3949; x_wconf 87' lang='lat' dir='ltr'><strong>parietes</strong></span> <span class='ocrx_word' id='word_1_354' title='bbox 890 3891 944 3930; x_wconf 92' lang='lat' dir='ltr'><strong>aon</strong></span> <span class='ocrx_word' id='word_1_355' title='bbox 961 3890 1027 3931; x_wconf 86' lang='lat' dir='ltr'><strong>esse</strong></span> <span class='ocrx_word' id='word_1_356' title='bbox 1044 3868 1152 3928; x_wconf 88' lang='lat' dir='ltr'><strong>aedium</strong></span> 
     </span>
     <span class='ocr_line' id='line_1_37' title="bbox 132 3954 1154 4035; baseline -0.002 -22"><span class='ocrx_word' id='word_1_357' title='bbox 132 3954 217 4015; x_wconf 87' lang='lat' dir='ltr'><strong>docet</strong></span> <span class='ocrx_word' id='word_1_358' title='bbox 238 3957 371 4035; x_wconf 88' lang='lat' dir='ltr'><strong>Ulpianus</strong></span> <span class='ocrx_word' id='word_1_359' title='bbox 394 3957 492 4035; x_wconf 83' lang='lat' dir='ltr'><strong>(Digg.</strong></span> <span class='ocrx_word' id='word_1_360' title='bbox 518 3958 595 4029; x_wconf 87' lang='lat' dir='ltr'><strong>XIX,</strong></span> <span class='ocrx_word' id='word_1_361' title='bbox 611 3958 632 4029; x_wconf 96' lang='lat' dir='ltr'><strong>l,</strong></span> <span class='ocrx_word' id='word_1_362' title='bbox 651 3963 700 4027; x_wconf 89' lang='grc'><strong>17,</strong></span> <span class='ocrx_word' id='word_1_363' title='bbox 715 3963 765 4029; x_wconf 77' lang='grc'><strong>1);</strong></span> <span class='ocrx_word' id='word_1_364' title='bbox 795 3958 869 4016; x_wconf 88' lang='lat' dir='ltr'><strong>inter</strong></span> <span class='ocrx_word' id='word_1_365' title='bbox 882 3955 1035 4015; x_wconf 90' lang='lat' dir='ltr'><strong>studiorum</strong></span> <span class='ocrx_word' id='word_1_366' title='bbox 1050 3958 1154 4013; x_wconf 85' lang='lat' dir='ltr'><strong>instru-</strong></span> 
     </span>
     <span class='ocr_line' id='line_1_38' title="bbox 132 4042 1154 4121; baseline -0.004 -21"><span class='ocrx_word' id='word_1_367' title='bbox 132 4050 226 4100; x_wconf 86' lang='lat' dir='ltr'><strong>menta</strong></span> <span class='ocrx_word' id='word_1_368' title='bbox 242 4043 334 4101; x_wconf 82' lang='lat' dir='ltr'><strong>refert</strong></span> <span class='ocrx_word' id='word_1_369' title='bbox 356 4042 494 4101; x_wconf 82' lang='lat' dir='ltr'><strong>luvenalis</strong></span> <span class='ocrx_word' id='word_1_370' title='bbox 510 4044 555 4115; x_wconf 86' lang='lat' dir='ltr'><strong>(ll,</strong></span> <span class='ocrx_word' id='word_1_371' title='bbox 580 4049 611 4115; x_wconf 92' lang='grc'><strong>7)</strong></span> <span class='ocrx_word' id='word_1_372' title='bbox 635 4053 664 4102; x_wconf 88' lang='lat' dir='ltr'><strong>et</strong></span> <span class='ocrx_word' id='word_1_373' title='bbox 675 4043 917 4119; x_wconf 79' lang='lat' dir='ltr'><strong>grammaticales</strong></span> <span class='ocrx_word' id='word_1_374' title='bbox 940 4043 1055 4121; x_wconf 83' lang='lat' dir='ltr'><strong>pluteus</strong></span> <span class='ocrx_word' id='word_1_375' title='bbox 1070 4050 1154 4098; x_wconf 80' lang='lat' dir='ltr'><strong>vocat</strong></span> 
     </span>
     <span class='ocr_line' id='line_1_39' title="bbox 131 4125 1152 4206; baseline -0.003 -21"><span class='ocrx_word' id='word_1_376' title='bbox 131 4125 228 4185; x_wconf 90' lang='lat' dir='ltr'><strong>Sidon.</strong></span> <span class='ocrx_word' id='word_1_377' title='bbox 240 4128 336 4205; x_wconf 81' lang='lat' dir='ltr'><strong>Apoll.</strong></span> <span class='ocrx_word' id='word_1_378' title='bbox 347 4147 414 4206; x_wconf 87' lang='lat' dir='ltr'><strong>epp.</strong></span> <span class='ocrx_word' id='word_1_379' title='bbox 429 4129 463 4193; x_wconf 80' lang='lat' dir='ltr'><strong>ll,</strong></span> <span class='ocrx_word' id='word_1_380' title='bbox 478 4133 508 4189; x_wconf 87' lang='grc'><strong>9.</strong></span> <span class='ocrx_word' id='word_1_381' title='bbox 532 4128 576 4186; x_wconf 84' lang='lat' dir='ltr'><strong>CI.</strong></span> <span class='ocrx_word' id='word_1_382' title='bbox 593 4131 678 4186; x_wconf 89' lang='lat' dir='ltr'><strong>etiam</strong></span> <span class='ocrx_word' id='word_1_383' title='bbox 693 4129 832 4206; x_wconf 78' lang='lat' dir='ltr'><strong>Bottiger.</strong></span> <span class='ocrx_word' id='word_1_384' title='bbox 851 4128 972 4187; x_wconf 79' lang='lat' dir='ltr'><strong>Amalth.</strong></span> <span class='ocrx_word' id='word_1_385' title='bbox 992 4126 1028 4185; x_wconf 98' lang='lat' dir='ltr'><strong>lll</strong></span> <span class='ocrx_word' id='word_1_386' title='bbox 1043 4146 1070 4203; x_wconf 86' lang='lat' dir='ltr'><strong>p.</strong></span> <span class='ocrx_word' id='word_1_387' title='bbox 1080 4129 1152 4187; x_wconf 76' lang='grc'><strong>319.</strong></span> 
     </span>
     <span class='ocr_line' id='line_1_40' title="bbox 130 4211 1151 4292; baseline -0.005 -21"><span class='ocrx_word' id='word_1_388' title='bbox 130 4211 252 4271; x_wconf 84' lang='lat' dir='ltr'><strong>Becker.</strong></span> <span class='ocrx_word' id='word_1_389' title='bbox 275 4211 347 4272; x_wconf 88' lang='lat' dir='ltr'><strong>Gall.</strong></span> <span class='ocrx_word' id='word_1_390' title='bbox 371 4213 425 4291; x_wconf 82' lang='lat' dir='ltr'><strong>lp.</strong></span> <span class='ocrx_word' id='word_1_391' title='bbox 440 4218 510 4276; x_wconf 86' lang='grc'><strong>199.</strong></span> <span class='ocrx_word' id='word_1_392' title='bbox 552 4216 668 4292; x_wconf 80' lang='lat' dir='ltr'><strong>Ungues</strong></span> <span class='ocrx_word' id='word_1_393' title='bbox 688 4216 822 4272; x_wconf 85' lang='lat' dir='ltr'><strong>mordere</strong></span> <span class='ocrx_word' id='word_1_394' title='bbox 851 4215 911 4273; x_wconf 84' lang='lat' dir='ltr'><strong>sire</strong></span> <span class='ocrx_word' id='word_1_395' title='bbox 931 4211 1067 4272; x_wconf 88' lang='lat' dir='ltr'><strong>arrodere</strong></span> <span class='ocrx_word' id='word_1_396' title='bbox 1090 4213 1151 4268; x_wconf 83' lang='lat' dir='ltr'><strong>eius</strong></span> 
     </span>
     <span class='ocr_line' id='line_1_41' title="bbox 130 4298 1153 4376; baseline -0.003 -20"><span class='ocrx_word' id='word_1_397' title='bbox 130 4307 185 4363; x_wconf 84' lang='lat' dir='ltr'><strong>est,</strong></span> <span class='ocrx_word' id='word_1_398' title='bbox 201 4301 246 4376; x_wconf 91' lang='lat' dir='ltr'><strong>qui</strong></span> <span class='ocrx_word' id='word_1_399' title='bbox 261 4309 321 4356; x_wconf 88' lang='lat' dir='ltr'><strong>toto</strong></span> <span class='ocrx_word' id='word_1_400' title='bbox 336 4301 428 4357; x_wconf 88' lang='lat' dir='ltr'><strong>animo</strong></span> <span class='ocrx_word' id='word_1_401' title='bbox 444 4301 471 4357; x_wconf 88' lang='lat' dir='ltr'><strong>iu</strong></span> <span class='ocrx_word' id='word_1_402' title='bbox 487 4300 530 4358; x_wconf 88' lang='lat' dir='ltr'><strong>rei</strong></span> <span class='ocrx_word' id='word_1_403' title='bbox 545 4298 687 4357; x_wconf 88' lang='lat' dir='ltr'><strong>cuiusdam</strong></span> <span class='ocrx_word' id='word_1_404' title='bbox 713 4318 780 4358; x_wconf 87' lang='lat' dir='ltr'><strong>cura</strong></span> <span class='ocrx_word' id='word_1_405' title='bbox 801 4298 910 4357; x_wconf 75' lang='lat' dir='ltr'><strong>delirus</strong></span> <span class='ocrx_word' id='word_1_406' title='bbox 931 4299 1041 4366; x_wconf 83' lang='lat' dir='ltr'><strong>haeret,</strong></span> <span class='ocrx_word' id='word_1_407' title='bbox 1056 4298 1153 4374; x_wconf 89' lang='lat' dir='ltr'><strong>itaque</strong></span> 
     </span>
     <span class='ocr_line' id='line_1_42' title="bbox 130 4381 1150 4463; baseline 0.002 -22"><span class='ocrx_word' id='word_1_408' title='bbox 130 4381 166 4442; x_wconf 88' lang='lat' dir='ltr'><strong>de</strong></span> <span class='ocrx_word' id='word_1_409' title='bbox 180 4403 215 4442; x_wconf 89' lang='lat' dir='ltr'><strong>eo</strong></span> <span class='ocrx_word' id='word_1_410' title='bbox 237 4395 396 4461; x_wconf 87' lang='lat' dir='ltr'><strong>usurpatur,</strong></span> <span class='ocrx_word' id='word_1_411' title='bbox 415 4386 462 4463; x_wconf 88' lang='lat' dir='ltr'><strong>qui</strong></span> <span class='ocrx_word' id='word_1_412' title='bbox 487 4403 593 4443; x_wconf 89' lang='lat' dir='ltr'><strong>summa</strong></span> <span class='ocrx_word' id='word_1_413' title='bbox 606 4386 761 4443; x_wconf 86' lang='lat' dir='ltr'><strong>intentione</strong></span> <span class='ocrx_word' id='word_1_414' title='bbox 784 4381 819 4442; x_wconf 91' lang='lat' dir='ltr'><strong>de</strong></span> <span class='ocrx_word' id='word_1_415' title='bbox 837 4404 869 4442; x_wconf 91' lang='lat' dir='ltr'><strong>re</strong></span> <span class='ocrx_word' id='word_1_416' title='bbox 888 4383 1004 4462; x_wconf 84' lang='lat' dir='ltr'><strong>quadarn</strong></span> <span class='ocrx_word' id='word_1_417' title='bbox 1028 4383 1150 4460; x_wconf 77' lang='lat' dir='ltr'><strong>cogitat.</strong></span> 
     </span>
     <span class='ocr_line' id='line_1_43' title="bbox 129 4466 1152 4548; baseline -0.001 -22"><span class='ocrx_word' id='word_1_418' title='bbox 129 4479 158 4526; x_wconf 94' lang='lat' dir='ltr'><strong>ut</strong></span> <span class='ocrx_word' id='word_1_419' title='bbox 172 4469 198 4527; x_wconf 82' lang='lat' dir='ltr'><strong>I.</strong></span> <span class='ocrx_word' id='word_1_420' title='bbox 215 4469 243 4537; x_wconf 86' lang='lat' dir='ltr'><strong>l.,</strong></span> <span class='ocrx_word' id='word_1_421' title='bbox 261 4469 357 4527; x_wconf 89' lang='lat' dir='ltr'><strong>llorat.</strong></span> <span class='ocrx_word' id='word_1_422' title='bbox 377 4469 438 4529; x_wconf 81' lang='lat' dir='ltr'><strong>Sat.</strong></span> <span class='ocrx_word' id='word_1_423' title='bbox 451 4469 472 4541; x_wconf 94' lang='lat' dir='ltr'><strong>l,</strong></span> <span class='ocrx_word' id='word_1_424' title='bbox 490 4475 538 4542; x_wconf 88' lang='grc'><strong>10,</strong></span> <span class='ocrx_word' id='word_1_425' title='bbox 554 4474 595 4533; x_wconf 86' lang='grc'><strong>711</strong></span> <span class='ocrx_word' id='word_1_426' title='bbox 612 4489 675 4548; x_wconf 88' lang='lat' dir='ltr'><strong>sq.:</strong></span> <span class='ocrx_word' id='word_1_427' title='bbox 712 4469 748 4527; x_wconf 84' lang='lat' dir='ltr'><strong>Ilt</strong></span> <span class='ocrx_word' id='word_1_428' title='bbox 763 4471 789 4527; x_wconf 87' lang='lat' dir='ltr'><strong>iu</strong></span> <span class='ocrx_word' id='word_1_429' title='bbox 811 4487 897 4532; x_wconf 79' lang='lat' dir='ltr'><strong>versu</strong></span> <span class='ocrx_word' id='word_1_430' title='bbox 915 4466 1045 4530; x_wconf 86' lang='lat' dir='ltr'><strong>iaciendo</strong></span> <span class='ocrx_word' id='word_1_431' title='bbox 1062 4486 1152 4544; x_wconf 85' lang='lat' dir='ltr'><strong>saepe</strong></span> 
     </span>
    </p>
   </div>
   <div class='ocr_carea' id='block_1_3' title="bbox 0 0 1292 5054">
    <p class='ocr_par' dir='ltr' id='par_1_3' title="bbox 0 0 1292 5054">
     <span class='ocr_line' id='line_1_44' title="bbox 0 0 1292 5054; baseline 0 0"><span class='ocrx_word' id='word_1_432' title='bbox 0 0 1292 5054; x_wconf 95' lang='lat' dir='ltr'><strong> </strong></span> 
     </span>
    </p>
   </div>
  </div>
 </body>
</html>
