2574 5054
488 782 752 844 surturi.
1086 781 1126 846 15

103 948 147 1014 Et
168 961 219 1015 tue
241 962 344 1015 aratra
366 953 484 1017 domum
506 954 596 1017 lictor
616 954 695 1018 tulit.
714 990 756 1029 -,
769 951 869 1039 Euge,
894 955 1001 1036 poeta!
1083 962 1125 1018 75

100 1051 160 1117 Est
182 1075 271 1131 nuno,
296 1051 417 1119 Brisaei
439 1074 526 1139 quem
548 1058 680 1120 venosus
702 1055 780 1120 iiber
801 1055 878 1132 Atti,

268 1207 311 1259 Sic
325 1210 450 1275 quondum
463 1211 494 1261 od
508 1211 607 1277 petrino
621 1225 663 1261 ree
678 1209 774 1262 froctae
790 1225 887 1278 pauper
898 1219 986 1261 erutor

270 1276 423 1330 Ciueinnnte
434 1280 519 1339 venio,
533 1286 647 1330 veterent
659 1294 717 1330 oum
730 1287 756 1330 to
770 1281 855 1331 induit
867 1295 932 1330 uxor

266 1347 334 1398 Ante
346 1347 425 1399 hoves
436 1348 562 1408 trabeam,
578 1347 780 1416 dictatoremque
794 1348 910 1415 reliquae

268 1414 401 1482 Excepere
415 1415 484 1468 fores
497 1423 547 1467 ete.

136 1482 231 1534 Verum
244 1498 302 1536 cum
316 1482 399 1536 Persii
413 1486 547 1537 nudeoinm
557 1485 705 1536 detrectent
719 1485 896 1536 immutaverit
915 1485 1039 1550 quiedam
1051 1484 1123 1536 stoe-

137 1552 205 1612 uiut‚
221 1567 270 1602 nou
282 1559 371 1604 tenue
384 1553 457 1604 nobie
480 1560 521 1606 eet
540 1555 713 1605 ructoritrtis.
749 1553 777 1604 ld
799 1560 870 1604 certe
891 1553 1053 1620 perspicuum
1072 1560 1121 1612 cot,

136 1621 273 1686 ognoviosc
286 1638 343 1673 eum
357 1621 487 1674 insolitem
501 1630 660 1674 ctruoturem
673 1622 783 1674 iuduere
794 1622 912 1686 aliquem
921 1622 1042 1686 aliquam
1055 1637 1122 1681 rem,

137 1703 212 1756 quoin
227 1690 253 1740 iu
270 1689 380 1743 lectione
392 1692 673 1757 quem-diodoturcm
693 1690 784 1741 induit
796 1691 1059 1756 quomodooorrigere
1071 1697 1124 1740 etn-
1205 1742 1210 1754 ,

136 1758 240 1809 doerint
251 1758 362 1820 librarii,
386 1760 436 1812 iem
448 1760 574 1821 uidimno,
592 1760 667 1811 cuiue
682 1767 766 1810 tumeo
783 1759 854 1809 niiud
868 1758 1010 1826 exemplum
1025 1759 1124 1809 iruotro

137 1827 264 1892 qnnoeivi.
290 1827 347 1895 lpse
360 1829 442 1893 igitur
457 1845 502 1896 pro
517 1828 659 1893 humiliori,
675 1829 741 1895 quod
758 1827 852 1894 posuit,
867 1828 1005 1888 medeam,
1020 1828 1125 1878 videtur

137 1895 232 1960 legisse
252 1896 428 1952 dictaturam.
464 1899 499 1949 dt
518 1905 604 1949 utrum
625 1902 702 1963 quem
724 1913 756 1948 nn
778 1912 836 1947 eum
859 1896 884 1946 in
908 1896 989 1948 Porcii
1009 1895 1124 1962 exemplo

137 1965 241 2028 legerit,
258 1981 306 2015 non
319 1972 401 2033 petest
414 1966 525 2018 definiri.
545 1964 609 2018 Nom
621 1967 643 2016 si
659 1981 718 2016 cum
730 1966 838 2024 invenit,
851 1965 1027 2031 potuiteoderu
1039 1964 1123 2028 modo,

137 2048 187 2098 qno
202 2033 326 2085 librarius
340 2036 437 2086 codicis
454 2033 514 2098 dii,
533 2040 559 2086 ie
571 2049 706 2103 pronomen
724 2034 756 2085 nd
777 2034 897 2084 maiorem
917 2035 1124 2100 perspicuitatem

139 2102 252 2165 rddere3
266 2103 306 2153 ein
319 2105 443 2170 seriptum
460 2103 512 2155 iuit
526 2120 613 2170 quem,
628 2103 710 2168 potuit
723 2103 852 2153 commode
864 2103 890 2152 in
902 2103 986 2153 loeom
998 2103 1124 2170 pronomi-

138 2171 178 2221 nio
192 2185 316 2238 reponere
329 2187 390 2223 cum
403 2178 439 2223 te.
459 2173 532 2239 Quod
549 2173 572 2224 ci
593 2173 651 2239 quis
667 2187 716 2222 uon
737 2172 813 2223 nimie
827 2171 949 2222 ereduiuo
960 2173 1010 2232 cit,
1031 2172 1125 2238 poterit

138 2254 232 2303 nestro
259 2255 291 2291 ex
319 2240 375 2292 ioeo
400 2240 505 2292 Sidonio
527 2242 661 2307 quiequam
674 2240 793 2291 concludi
811 2255 886 2307 poene
906 2240 1072 2291 ceruendum
1088 2240 1124 2291 ie·

139 2308 248 2360 ctionem
259 2308 443 2373 dictaturam
464 2325 520 2361 uom
532 2325 589 2361 oum
605 2310 768 2361 dictatorem
780 2309 892 2360 iuduere
910 2308 975 2360 uitii
991 2309 1063 2360 eliud
1077 2309 1122 2368 eit,

140 2377 189 2427 niti
204 2383 302 2429 uectem
314 2378 427 2430 induere
442 2378 634 2438 dictatoriam,
659 2383 728 2429 recte
750 2394 808 2429 enm
830 2379 895 2428 hone
911 2379 991 2445 iprum
1010 2378 1124 2429 trabeam

139 2446 330 2565 iiiiii
343 2446 722 2583 tttti‘tizittiitit
737 2445 1122 2582 ttt‘iit‘ti‘eeiiitt

139 2583 186 2644 tio,
199 2589 226 2635 ct
236 2599 293 2635 cun
308 2531 341 2635 li
357 2584 447 2636 Heius.
462 2585 481 2636 l.
491 2586 508 2635 Ι.
529 2586 690 2652 propotuerit
710 2591 757 2635 eut
777 2600 856 2650 quom
868 2612 902 2621 -
918 2584 1054 2635 dictatore
1065 2583 1121 2634 iud.

140 2651 290 2716 legendum,
310 2661 355 2704 ont
370 2653 625 2705 cui-dictutorem
636 2654 712 2712 iud„
737 2655 783 2704 hoc
799 2655 928 2719 posteriue
947 2668 1038 2704 verum
1061 2653 1123 2703 mini

139 2735 196 2771 eote
209 2720 323 2773 videtur.
342 2720 406 2774 Nom
420 2730 462 2774 eet
473 2738 535 2774 eene
547 2737 683 2788 pronomen
697 2722 773 2772 reiut.
787 2723 872 2789 aptius
886 2736 958 2788 quim
973 2730 1040 2789 port.
1053 2737 1123 2785 oum,

138 2795 166 2839 et
178 2790 478 2856 poteotcnueointelligi,
486 2792 781 2843 corodenderinttomen
793 2806 822 2840 eo
833 2791 946 2844 librarii.
956 2789 1061 2841 Scilicet
1067 2806 1125 2857 pro·

139 2871 228 2909 nomen
239 2858 316 2910 rolet.
326 2868 353 2910 et
359 2874 417 2910 mox
424 2876 497 2928 pron.
505 2876 572 2928 pone.
583 2860 613 2910 nd
622 2860 769 2910 vocativum
777 2860 872 2924 Quinti
879 2861 989 2911 rointum
997 2861 1126 2911 inconcio-

139 2941 199 2978 nnm
208 2927 471 2995 iicvidebrtur(quod
484 2937 569 2980 tomen
577 2927 700 2994 exemplis
715 2929 781 2994 eptie
791 2927 892 2979 defendi
906 2936 999 2995 poteot,
1012 2927 1045 2978 ci.
1055 2926 1123 2979 tiad-

140 2996 194 3060 νίς.
203 2996 235 3046 td
244 2996 299 3048 Cic.
308 2997 340 3047 de
348 2997 409 3047 dun.
420 2998 439 3060 i,
449 2999 491 3060 12,
500 2999 554 3062 42),
562 2998 649 3063 itique
656 2997 767 3048 divertio
775 2997 855 3047 modis
863 2997 1058 3047 hoocorreeturi
1067 3010 1125 3063 ptr-

139 3064 402 3130 tintpreceedontive.
412 3066 693 3131 Quintueeeridchent,
701 3069 793 3132 purtim
802 3072 889 3115 noetro
896 3081 967 3131 pron.
976 3065 1124 3127 reintivnrn,

139 3135 232 3198 purtim
239 3149 293 3200 oeq.
303 3150 344 3184 ve.
352 3150 425 3201 prou.
433 3149 500 3201 poce.
512 3136 690 3186 immutrbrot.
698 3135 747 3185 Sed
756 3149 813 3184 oum
822 3134 947 3199 explicari
954 3134 1125 3200 tomeopooeit

139 3208 205 3266 part.
222 3218 292 3265 cum,
309 3218 340 3253 ne
352 3204 408 3254 eine
424 3204 579 3255 ncoeeeitnte
591 3203 755 3254 coniecturae
770 3204 851 3253 iocum
864 3202 967 3253 dedisse
988 3204 1069 3264 dierr,
1086 3206 1126 3253 in·

140 3277 235 3322 treton
251 3271 354 3338 reliqui.

104 3337 182 3390 reid.
198 3343 227 3390 et
238 3355 298 3389 oum
311 3356 353 3391 or.
369 3341 421 3392 ut.
436 3339 528 3393 tite.
543 3340 611 3391 wt.
626 3346 653 3391 et
667 3345 714 3390 oui
723 3339 754 3391 V.
772 3340 843 3407 prob.
854 3339 926 3390 Cort.
942 3338 1045 3390 edLne.
1056 3337 1124 3402 viti,

141 3407 200 3458 188.
219 3412 247 3458 et
268 3412 312 3459 tuo·
327 3408 359 3459 Ι).
387 3415 416 3459 et
433 3425 483 3460 euo
502 3425 571 3460 corr.
599 3408 659 3468 rt,
691 3410 716 3458 in
741 3425 789 3475 quo
809 3408 922 3474 perfeeto
943 3408 1122 3474 interpolatio:

142 3475 265 3539 Quintum
282 3492 344 3527 oum
354 3478 445 3528 induit
456 3494 539 3540 umor,
553 3484 582 3528 ct
591 3493 641 3528 suc
656 3484 754 3528 archo
766 3477 833 3529 tutto
846 3478 938 3529 lictor.
952 3504 982 3514 -
1001 3491 1040 3526 ve.
1057 3475 1124 3529 te-

138 3544 172 3594 75
184 3546 286 3610 cpurioe
300 3553 387 3596 censet
399 3545 496 3615 Guyot.

104 3628 131 3661 v.
142 3612 185 3663 id.
199 3614 290 3664 Bricei
302 3614 354 3665 ut.
375 3614 435 3665 Vnt.
450 3622 477 3666 et
489 3630 577 3666 omuee
593 3615 647 3665 iere
663 3616 736 3664 codd.
758 3614 885 3681 Bpoocioc
896 3615 963 3664 iuste
977 3612 1058 3663 iorrun
1072 3621 1122 3674 cot,

141 3679 176 3731 ei.
193 3681 279 3751 Etym.
297 3681 331 3734 di.
345 3699 371 3733 v.
385 3684 491 3752 Bpe'occ.
509 3683 644 3753 chncioc.
660 3683 749 3749 Steph.
764 3683 827 3750 uyz.
843 3683 939 3751 Bploc.
952 3682 1081 3742 Brinta,
1094 3690 1124 3732 ut

140 3756 180 3800 eet
194 3751 259 3817 opud
273 3749 387 3803 ideorod.
402 3753 456 3803 Set.
470 3752 490 3811 1,
503 3754 544 3813 te,
561 3759 646 3802 exstet
661 3754 687 3803 in
702 3753 868 3817 inscriptione
881 3751 1029 3819 smyrnensi
1044 3751 1122 3816 (opud

138 3816 232 3882 cuper.
251 3819 372 3886 Herpoor.
391 3837 415 3887 p.
435 3821 486 3873 286
502 3837 541 3887 oq.
566 3820 662 3873 iduret.
685 3822 744 3882 ⁶59,
766 3819 810 3885 d):
839 3821 921 3870 ΊῸΝ.
944 3819 1121 3870 emm.

138 3888 338 3939 ΔΙΟΝῬΣΘΝ.
358 3889 471 3939 Brocaei
484 3889 538 3954 85,
552 3897 630 3958 etque
643 3904 736 3941 revere
750 3890 812 3940 uoee
822 3904 919 3954 quoque
931 3886 1012 3938 formo
1026 3888 1051 3937 iu
1061 3887 1124 3938 titu-
1159 3907 1160 3910 ¹

138 3954 172 4006 iit
183 3955 383 4025 Smyrucntibue
395 3958 529 4008 invenitur
543 3958 581 4078 Ἣ.
601 3957 711 4009 Boecitii.
731 3957 760 4008 C.
776 3958 795 4008 1.
811 3956 831 4008 ΙΙ
849 3973 872 4023 p.
888 3955 950 4020 72),
969 3963 1023 4007 eto
1040 3970 1123 4020 gruun-

138 4025 240 4075 rnoticie
254 4027 372 4088 effertur,
392 4025 426 4077 ei.
441 4025 526 4092 Etym.
574 4042 616 4077 .e.
633 4043 659 4078 v.
671 4026 806 4094 Bpeocioc.
828 4025 940 4092 Heeyci.
960 4024 1120 4093 quoocioc.

137 4093 263 4162 Brpeoei,
277 4096 343 4162 qnod
357 4097 382 4146 in
398 4096 487 4161 pnuoie
499 4095 571 4146 codd.
588 4095 699 4159 legitur,
716 4102 746 4145 ut
762 4093 817 4156 itt,
832 4111 865 4145 ex
883 4094 959 4145 nolito
976 4094 1122 4145 litterarum

139 4166 215 4230 icty
229 4164 379 4216 eooiueione
399 4171 483 4215 ortum
497 4180 555 4216 ecee
574 4164 687 4224 videtur,
707 4178 859 4230 quemquem
880 4162 952 4213 iroiii
968 4162 1122 4230 etymologit

138 4244 163 4280 n.
178 4248 204 4281 v.
224 4230 317 4300 βρύειν
335 4233 510 4284 deducendum
531 4232 621 4284 inultis
634 4230 691 4285 VV.
707 4231 760 4283 DI).
780 4247 808 4283 ee
828 4232 1031 4293 commendavit;
1055 4231 1122 4298 epud

137 4298 251 4351 Groceoe
268 4308 387 4354 onetorce
409 4310 494 4353 temer
517 4318 566 4352 uon
586 4302 727 4353 iuvenitur.
763 4302 882 4360 Bricoe‘c,
908 4316 986 4365 quem
1005 4304 1032 4350 et
1053 4301 1120 4350 coni.

139 4367 187 4418 Sco
206 4369 362 4436 peooiieott.
378 4372 398 4429 1,
419 4371 461 4432 34,
481 4378 508 4422 et
521 4371 547 4421 id
561 4371 666 4422 exhibet
685 4369 738 4429 Pi,
758 4371 780 4420 ei
804 4371 877 4421 modo
895 4369 1037 4426 collationi,
1057 4383 1123 4434 quoe

139 4438 171 4488 ed
184 4385 303 4503 iacuisti
321 4440 458 4524 editipnem
474 4440 543 4492 itote
558 4447 644 4504 treet,
662 4440 726 4490 tideo
748 4439 865 4491 debendo
878 4446 935 4498 eot;
953 4438 979 4487 in
1003 4435 1070 4501 wi,
1093 4437 1123 4487 dc
