2574 5054
201 755 234 797 tv
536 730 896 797 PROLEGOMENA.

202 902 253 987 qui
282 922 346 966 nen
373 902 450 968 satis
487 902 575 968 firma
608 904 782 969 valetudine
814 914 963 982 utuntur,
1001 900 1236 967 saluberrimam

200 1003 380 1090 temperiem
400 1013 423 1066 ¹.
446 1002 558 1090 Neque
573 1016 623 1071 est
637 1028 693 1074 eur
713 1026 893 1092 spernamus
916 1004 996 1088 quod
1017 1007 1112 1071 tradit
1131 1007 1233 1072 schol.

203 1108 305 1190 (adl.
330 1107 390 1187 1.),
420 1103 525 1172 Persii
554 1119 683 1174 matrem
714 1119 786 1195 pest
813 1110 979 1173 seeundum
1008 1109 1237 1174 matrimonium

201 1210 264 1275 illie
287 1209 452 1274 habitasse.
475 1204 650 1275 Volaterris
671 1210 766 1276 fuisse
780 1208 907 1277 Persius
925 1210 1037 1275 docent
1061 1211 1236 1295 inscriptio-

202 1332 259 1376 nes
280 1311 322 1376 ibi
345 1322 506 1397 repertae,
531 1313 610 1398 apud
626 1309 754 1378 Genium
769 1311 902 1400 (Insere.
918 1310 989 1377 Etr.
1007 1309 1039 1374 11
1053 1334 1083 1397 p.
1102 1310 1200 1398 1620:

446 1429 463 1493 1
914 1428 938 1496 2

331 1476 576 1599 nennsrvs
856 1529 898 1595 n.
941 1475 1014 1595 ‘m

291 1637 334 1702 Α.
351 1634 391 1699 F.
410 1631 613 1701 SEVERVS
817 1629 1059 1700 VERGINIAE

234 1760 238 1768 ·
377 1735 421 1802 V.
441 1734 540 1803 ΑΝΝ
815 1731 1107 1801 SATVRNINAE

333 1834 424 1905 vill.
439 1836 487 1903 M.
504 1834 552 1902 ΙΙΙ
815 1836 857 1901 Α.
873 1833 1073 1905 PERSIVS.
1095 1836 1148 1904 SE

207 1938 210 1943 ’
377 1938 420 2004 Ι).
436 1936 520 2004 XIX
816 1937 975 2006 VERVS.
992 1938 1137 2007 VXORI

856 2039 1057 2107 ΟΡΤΙΜΑΕ

206 2161 343 2248 Quarum
366 2161 451 2247 prior
472 2159 581 2225 dudum
604 2160 686 2227 edita
707 2158 814 2248 (Grut.
835 2157 913 2243 700,
930 2160 963 2226 Ι.
980 2159 1056 2241 920,
1074 2158 1128 2226 10.
1159 2160 1236 2228 Rie-

206 2264 326 2331 eohaldi
347 2264 398 2329 del
419 2260 506 2329 Bava
527 2263 602 2329 diss.
630 2263 909 2330 istoriae-etrusca
930 2286 960 2350 p.
984 2262 1082 2351 162),
1104 2265 1237 2337 ridicule

205 2388 314 2433 errore
338 2366 376 2432 de
399 2375 505 2431 nestro
525 2363 635 2431 Persio
657 2365 814 2432 intellecta
834 2368 1021 2434 sententiam
1046 2366 1234 2452 proereavit,

206 2490 277 2537 eum
305 2468 344 2534 eb
372 2468 535 2535 satirarum
565 2469 747 2553 gravitatem
777 2467 928 2537 Severum
962 2479 1103 2536 veeatum
1140 2470 1238 2534 inisse

205 2569 262 2659 (G.
279 2568 388 2637 Barth.
404 2569 540 2636 Advers.
557 2567 616 2648 VI,
634 2569 689 2656 1);
720 2591 807 2656 quam
829 2573 939 2638 merito
962 2572 1097 2658 explosit
1118 2567 1237 2639 Casan-

204 2673 305 2739 benus
336 2669 716 2760 (p.L111ed.Diibn.):
752 2694 794 2738 ex
820 2675 919 2740 altera
949 2674 1029 2739 sutili
1057 2673 1238 2739 eunieetura

207 2775 323 2842 Gorius
354 2775 471 2854 effecit,
508 2772 690 2860 Verginiam
719 2774 935 2857 Saturninam,
976 2772 1118 2861 Verginii
1147 2773 1236 2840 Fieri

205 2879 357 2958 rhetoris,
393 2899 412 2942 a
441 2870 506 2960 que
529 2874 658 2942 Persius
683 2878 840 2943 institutus
869 2890 936 2959 est,
971 2880 1081 2958 filiam,
1113 2888 1237 2963 nuptam

206 2981 303 3045 fuisse
323 2976 427 3045 Persii
449 2977 545 3042 nostri
567 2979 656 3044 fratri
680 2976 810 3045 Severe.
836 2978 983 3046 Ceterum
1006 3002 1048 3046 ex
1067 2977 1236 3065 Ugolini

205 3077 352 3148 Verini
375 3078 538 3158 Carliade,
562 3083 642 3165 quod
658 3102 780 3145 carmen
804 3085 909 3150 seeulo
929 3080 1005 3147 le
1026 3082 1239 3167 scriptumest

208 3185 266 3269 (ef.
299 3181 395 3249 Voss.
428 3183 465 3249 de
494 3182 657 3248 uisatur.
682 3179 817 3268 ΙΙΙ,8),
854 3186 934 3251 hune
961 3206 1084 3251 versum
1112 3184 1239 3268 pretulit

206 3283 339 3351 Bandini
361 3284 438 3370 (eat.
463 3285 537 3351 bibl.
559 3284 658 3352 Laur-
681 3283 976 3373 Lart.11p.328)=
1004 3286 1117 3352 ranae
1137 3295 1169 3350 et
1189 3288 1238 3349 in·

206 3390 322 3453 er'etrmr.
344 3387 527 3453 Volutema's
547 3388 679 3453 Persius
703 3410 838 3475 agmen5
869 3401 901 3456 et
923 3389 1079 3475 Hippoi.
1096 3385 1239 3453 Laudi·

208 3490 308 3554 uelli
322 3489 456 3575 (origiue
464 3491 502 3556 de
511 3487 630 3556 Lunie.
641 3487 709 3572 11),
721 3510 808 3574 quem
824 3493 913 3556 affert
926 3489 1096 3557 Passevius
1110 3488 1156 3575 (p.
1165 3486 1236 3572 87),

208 3611 271 3655 nen
293 3593 391 3656 solum
413 3589 587 3658 Volatern's
609 3592 725 3657 vidisse
755 3612 789 3656 se
817 3591 920 3659 Persii
947 3594 1066 3657 demum
1097 3593 1235 3667 affirmat,

208 3694 264 3758 sed
294 3693 427 3758 nobilem
454 3692 482 3758 F
489 3693 817 3761 aleoneinierum
857 3697 1001 3761 familiam
1034 3694 1106 3758 inde
1135 3690 1239 3758 Persii

208 3814 321 3860 nomen
353 3797 550 3878 frequentare
580 3795 671 3876 dieit,
702 3797 890 3864 assentiente
921 3795 1136 3863 Steliutia.
1186 3795 1238 3859 Ad

209 3896 344 3963 Tuseam
366 3895 469 3963 Persii
491 3898 641 3982 originem
662 3898 857 3964 referendum
885 3900 958 3965 mihi
985 3900 1126 3977 videtur,
1157 3897 1239 3980 quoti

207 3998 240 4063 in
262 3998 415 4085 plerisque
435 4002 518 4066 vitae
534 4002 622 4066 codd.
640 4012 771 4067 vocatur
785 3999 907 4079 Auler,
931 4024 993 4067 non
1008 3999 1136 4080 Aulus,
1158 3999 1239 4083 qued

207 4096 242 4163 in
264 4100 322 4165 hoe
347 4105 500 4166 'consensu
524 4125 586 4167 non
608 4104 730 4170 videtur
759 4104 866 4169 calami
897 4104 997 4170 errori
1019 4101 1112 4167 tribui
1132 4121 1237 4187 pesse.

207 4199 333 4269 Etrusci
348 4214 449 4269 autem
464 4204 551 4270 Aue·
562 4226 673 4272 nemen
689 4207 819 4273 sonabat
832 4202 921 4271 Aule
943 4207 1001 4288 (ei.
1016 4201 1119 4269 Lanzi
1131 4202 1240 4290 saggie

208 4408 222 4461 1
242 4407 281 4462 ita
298 4410 366 4478 rpud
384 4410 497 4462 Strtiun
516 4409 859 4479 (Silv.1V‚t,23)Grllus
876 4410 965 4464 Lunae
983 4425 1113 4466 reuersum
1125 4409 1238 4479 quaerit.
