2574 5054
364 786 495 849 scnot..
517 785 569 848 Ab
593 785 676 848 SAl'.
699 787 722 861 l,
743 791 892 852 20—24.
1058 784 1123 853 253

103 955 323 1037 συνεκδοχικῶς
350 970 444 1019 nutem
477 961 576 1031 Titos,
614 958 820 1030 scholasticos,
857 957 932 1038 quod
964 961 1021 1019 siut
1046 961 1123 1039 regi,

102 1061 195 1123 neque
224 1063 279 1102 uno
306 1046 445 1123 magistro
467 1046 610 1116 contenti,
634 1055 664 1104 et
685 1041 721 1103 ad
747 1042 889 1105 libidinem
911 1046 1008 1124 proni,
1038 1046 1123 1105 sicuti

102 1147 188 1201 aves,
209 1129 308 1208 quibus
329 1141 547 1208 comparentem
570 1149 634 1189 uem
649 1131 692 1189 titi
708 1128 854 1189 columbae
869 1140 935 1190 suut
949 1140 1082 1208 agrestes
1101 1136 1123 1202 ¹,

102 1213 202 1294 quibus
224 1215 322 1274 rustici
344 1214 489 1276 auditores
509 1212 701 1295 designantur.
798 1216 870 1274 Com
894 1217 1027 1276 carmina
1049 1217 1122 1275 lom·

102 1299 168 1357 bum
192 1301 324 1371 torrent,
351 1298 450 1361 idest
475 1310 603 1379 tangunt.
646 1298 725 1360 Beue
747 1297 816 1359 dicit
838 1302 981 1375 lumbum,
1014 1311 1044 1361 et
1066 1321 1121 1360 nou

101 1385 238 1458 animuum
261 1383 458 1445 diciturenim
479 1384 564 1445 libido
586 1385 686 1444 lumbis
707 1387 862 1445 immorari.
892 1386 947 1446 Vel
962 1396 1043 1446 certe
1059 1406 1122 1446 cuer

101 1488 217 1530 curmeu
240 1470 401 1532 ell'eminnte
423 1472 571 1531 recitatum
593 1471 697 1544 fuerit,
723 1482 944 1551 repraesentare
959 1473 1037 1552 ipsos
1053 1490 1123 1530 cou-

101 1555 212 1615 cubitus
235 1557 321 1616 solet.
357 1554 503 1629 Quomodo
524 1557 598 1616 enirn
619 1566 711 1615 tactus
734 1557 880 1617 mulierum
899 1567 994 1618 movet
1014 1558 1121 1630 intime,

101 1641 143 1701 sic
158 1650 190 1700 et
202 1660 304 1701 versus
319 1660 439 1701 enerves
455 1661 510 1701 non
526 1643 646 1701 animum
661 1643 782 1714 intrant,
802 1640 855 1702 red
870 1643 1000 1702 lumbum.

187 1745 239 1806 tt.
261 1745 303 1803 lit
325 1744 448 1803 tremulo
476 1744 664 1822 scalpuntur.
712 1745 848 1804 Tremeio
875 1764 984 1817 omre,
1014 1742 1120 1818 idest,

102 1828 197 1907 irngili
217 1848 290 1889 voce
312 1839 462 1901 cantante,
492 1829 538 1889 vel
555 1833 569 1868 ²
588 1827 740 1889 modulanti
767 1849 852 1889 versu
873 1830 1002 1909 pruriunt
1023 1849 1120 1890 corum

101 1913 232 1985 viscera,
263 1915 338 1974 sicut
358 1925 487 1993 tempore
510 1916 610 1974 coitus.
711 1916 986 1993 *Scolpentur
1007 1914 1121 1988 dicit,

103 2001 137 2058 in
159 1997 351 2061 libidinem
373 2000 612 2073 excitantur,
633 2010 671 2059 ut
689 1998 885 2060 luvenalis
904 2004 933 2062 ⁸:

403 2086 502 2164 qood
527 2087 624 2144 enim
654 2106 721 2144 non
741 2087 896 2145 excitet
915 2087 1056 2164 inguen

203 2171 282 2230 Voc
297 2170 459 2243 blondo,
475 2180 512 2230 et
531 2175 714 2249 nequam?
736 2172 888 2250 digitos
903 2171 1055 2232 hebet*

185 2292 238 2351 22.
264 2291 337 2349 Tun’
359 2291 456 2350 vetule
474 2291 628 2350 auriculis.
671 2289 816 2350 luvebitur
836 2300 921 2368 poeta
944 2291 972 2350 iu
992 2300 1120 2371 captato·

100 2393 161 2434 rem
183 2372 273 2434 laudis
294 2372 500 2435 incommodae.
596 2376 722 2447 Veturio,
746 2375 846 2447 stulte,
870 2377 917 2457 qni
939 2377 1068 2436 senescis
1090 2377 1120 2435 iu

99 2458 201 2519 vilibus
217 2461 396 2521 carminibus.
419 2460 458 2520 Et
471 2480 528 2519 nou
542 2457 610 2520 dicit
627 2479 738 2531 senec,
756 2459 806 2519 sed
822 2463 928 2520 vetule.
958 2461 996 2521 Et
1016 2460 1120 2523 dictum

100 2555 148 2604 est
166 2546 294 2624 satyrice
316 2546 433 2617 vetule,
456 2544 485 2604 id
507 2555 569 2615 est,
589 2546 651 2606 eius
672 2547 774 2605 aetatis
797 2546 880 2605 bomo
901 2566 992 2607 venue
1009 2547 1119 2626 gloriae

100 2650 156 2689 uon
180 2627 267 2690 debet
288 2650 356 2692 esse
376 2640 514 2712 captator.
545 2628 654 2690 Scribis
670 2650 760 2710 ergo,
782 2629 857 2711 quod
872 2642 900 2692 te
914 2652 971 2691 uon
986 2630 1119 2705 delectet,

100 2712 153 2775 sed
175 2714 249 2794 quod
269 2717 397 2797 capietur
420 2715 535 2776 auribus
555 2716 710 2794 imperitis3
733 2727 762 2775 et
777 2716 843 2776 ideo
864 2717 995 2789 laboras,
1017 2718 1119 2796 palles,

100 2810 131 2859 et
145 2799 195 2860 tibi
210 2803 269 2861 otia
283 2800 430 2881 denegas,
454 2811 487 2860 ut
499 2811 628 2881 tempore
643 2803 817 2861 recitationis
832 2800 960 2880 spuerio
975 2802 1025 2861 tibi
1039 2803 1119 2882 plan·

99 2881 183 2946 detur
197 2888 314 2946 eviratis
329 2898 359 2947 et
375 2884 529 2946 dissolutis.
615 2889 709 2945 Eccos
731 2897 823 2946 autem
848 2886 916 2948 dicit
930 2889 1057 2948 levorem
1072 2887 1119 2948 vel

99 2968 337 3052 delectationem
360 2970 389 3032 id
404 2983 465 3033 cst:
493 2972 730 3033 existimationem
749 2972 799 3030 tibi
814 2973 949 3033 concilias
964 2993 1002 3033 ex
1017 2974 1117 3033 lurore

99 3057 301 3136 imperitorum.

184 3179 237 3239 23.
258 3178 431 3248 Aerr’celrls,
453 3176 576 3255 quibes,
599 3174 627 3235 id
643 3188 689 3235 est
702 3177 839 3256 imperitis
854 3186 903 3236 snt
917 3178 1116 3257 spurcissimis.

184 3263 227 3320 Et
244 3263 326 3320 decor
340 3271 406 3320 cute
420 3263 575 3339 perditus:
596 3263 670 3321 oie!
689 3262 795 3335 idest,
817 3262 920 3340 vigiliis
936 3274 966 3322 et
981 3263 1116 3322 sollicitu-

99 3343 164 3406 dine
180 3344 217 3404 sd
231 3348 420 3406 tenuissimum
436 3356 529 3406 cutem
544 3345 706 3425 perductus.
721 3348 780 3407 Aut
794 3358 874 3408 certe
889 3358 954 3407 cute
964 3350 1115 3427 perditun,

98 3439 248 3491 senectute
273 3430 410 3511 pallidus3
442 3433 505 3504 vel,
527 3433 678 3492 manifeste
699 3442 765 3493 cute
787 3431 931 3515 perditus,
959 3444 989 3493 ut
1010 3435 1117 3509 vitium,

99 3514 173 3595 quod
188 3518 359 3576 intrinsecus
374 3517 481 3588 babes,
505 3514 590 3577 etiam
606 3519 714 3578 incute
729 3520 823 3597 possis
840 3518 954 3579 babere.
1043 3519 1115 3593 ote,

98 3598 261 3662 interiectio
277 3613 322 3662 est
336 3602 529 3680 percontantis
545 3621 608 3662 cum
623 3600 724 3664 endem
740 3605 860 3665 ratione.

183 3725 225 3784 24
240 3741 283 3803 sq.
316 3722 394 3798 Quid
418 3722 563 3780 didicisse.
606 3721 705 3782 Verba
735 3733 838 3801 poetae
866 3722 941 3783 illius
970 3720 1006 3782 ed
1033 3743 1116 3803 quem

98 3806 212 3878 scribit,
235 3805 287 3866 sed
307 3800 509 3888 ἀλληγορικῶς
529 3805 612 3879 dicit;
644 3808 698 3867 boc
720 3819 781 3867 est:
809 3806 882 3881 Quid
904 3806 1031 3887 proderit
1045 3807 1116 3869 didi·

73 3908 78 3919 ·
98 3893 174 3952 cisse
191 3889 305 3972 aliquid,
320 3892 374 3950 nisi
389 3893 556 3951 recitatione
568 3889 726 3972 pandatur?
740 3893 779 3953 Et
793 3904 838 3952 est
852 3904 943 3954 tracta
957 3889 1117 3978 μεταφορὰ

97 3997 115 4036 a
129 3975 280 4056 fermento
301 3986 331 4036 et
353 3975 503 4055 caprifico.
533 3974 614 4038 Sicut
636 3981 709 4038 euim
731 3979 898 4038 fermentum
914 3998 1034 4038 massam
1050 3999 1115 4038 cor·

96 4065 215 4144 rumpit,
239 4073 270 4122 et
290 4062 440 4139 caprificus
462 4081 547 4122 saxu:
569 4065 610 4123 itu
634 4065 775 4143 ingenium
790 4073 899 4144 pectus.
935 4064 1115 4125 Fermeutnm

96 4146 172 4210 enim
201 4150 277 4208 intra
305 4166 427 4207 massam
455 4148 518 4228 plus
547 4168 604 4208 uns
633 4149 703 4209 bore
733 4170 788 4209 uon
815 4159 912 4230 potest
936 4152 1076 4212 contineri
1090 4155 1114 4211 ⁴.

98 4347 111 4398 1
132 4346 164 4396 ci.
182 4345 244 4398 leit.
259 4347 343 4412 origg.
359 4345 417 4412 ΧΠ,
433 4345 460 4401 7.
490 4346 599 4416 Pupius:
620 4352 727 4411 ‚,tr‘tur.
745 4347 912 4416 pelumbet.“

95 4415 115 4471 2
131 4415 178 4466 ubi
187 4415 273 4479 vulgo.
511 4416 527 4469 ³
545 4415 600 4470 luv.
617 4417 662 4482 Vl,
680 4418 729 4472 lib
741 4434 782 4486 tq.

10 4458 295 4764 ws-
313 4482 375 4553 xx,
388 4485 415 4544 2.
559 4540 562 4545 ,

461 4726 583 4764 Α
