2574 5054
191 763 319 813 cxxsnr
523 742 885 809 Pnotseotttttta

275 911 387 998 Neque
410 911 490 979 enim
511 913 591 979 insta
614 914 736 980 videtur
756 934 865 980 mussa
885 933 954 980 esse
969 935 1025 980 cur
1038 916 1217 1000 magistrum

192 1013 396 1082 lliericum
417 1016 507 1080 alium
530 1036 599 1082 esse
614 1027 771 1102 putemus,
794 1037 882 1099 quam
897 1015 1078 1082 monachum
1093 1018 1218 1084 celebe-

192 1118 350 1196 rimmum,
385 1119 436 1201 qni
465 1116 640 1183 llericus
669 1118 719 1183 vel
747 1116 972 1183 lleiricns¹
997 1131 1146 1202 vocatur,
1186 1132 1219 1185 et

193 1217 300 1286 Caroli
321 1217 410 1285 Calvi
434 1221 617 1306 temporibus
637 1219 736 1301 vixit,
759 1220 810 1285 eoi
824 1241 947 1286 carmen
962 1242 1049 1286 sunm
1064 1223 1110 1288 de
1131 1223 1219 1289 vita

194 1320 231 1388 S.
263 1320 452 1387 Germani
488 1321 887 1400 Autissiodorensis,
931 1323 1050 1407 magnis
1079 1325 1218 1390 laudibus

194 1424 379 1491 celebratum
399 1424 564 1508 inscripsit.
594 1421 696 1489 Natus
711 1433 759 1489 est
774 1446 804 1490 a.
820 1421 883 1488 843
898 1425 929 1488 in
945 1425 1013 1491 vieo
1028 1427 1096 1512 agri
1110 1424 1219 1491 Antis·

193 1527 402 1604 siudorensis,
441 1525 490 1590 cui
518 1547 630 1590 nomen
659 1524 783 1612 Hery,
820 1536 852 1591 et
880 1526 1037 1612 disciplina
1065 1550 1140 1594 usus
1169 1541 1219 1593 est

193 1627 399 1694 Haimouis
421 1626 638 1693 Fnldensis
667 1637 700 1692 et
725 1625 829 1714 Lupi
849 1625 1140 1696 Ferrariensia
1163 1629 1218 1694 sb·

193 1729 293 1809 batis,
317 1742 350 1794 nt
364 1731 429 1815 ipse
445 1739 576 1794 testatur
589 1729 672 1794 bisce
687 1729 848 1795 versibus:

280 1832 339 1897 llic
354 1840 583 1916 praeceptorum
597 1843 669 1896 sont
682 1832 798 1897 ludicra
814 1831 936 1917 pulchra
951 1832 1090 1910 duorum,

251 1978 254 1984 -
366 1929 443 2014 Quis
462 1953 521 2017 ego
536 1931 725 2017 praesulibus
739 1934 894 2019 ingenium
910 1933 1001 2013 colui,

280 2033 338 2099 llis
353 2031 501 2118 Lupus,
524 2034 570 2097 bis
585 2032 720 2098 llaimo
735 2034 880 2099 ludebant
893 2035 1000 2100 ordine
1015 2044 1123 2119 gratu,
1140 2045 1217 2100 cett.

195 2138 292 2224 quiin
308 2135 495 2223 praefatione
511 2136 549 2200 ad
565 2137 753 2202 collectanea
777 2157 819 2201 ex
833 2157 887 2202 ore
903 2150 1131 2223 praecepturum
1146 2158 1218 2203 sno·

193 2261 260 2306 rum
277 2249 424 2324 excerpta
437 2239 581 2323 leguntur
595 2239 673 2324 apud
687 2235 849 2304 Mabillon.
865 2239 971 2303 Anell.
987 2235 1004 2302 1
1018 2261 1049 2324 p.
1064 2236 1163 2324 413),
1184 2239 1217 2302 in

195 2342 301 2429 quibus
323 2344 494 2426 fragmenta
517 2340 633 2408 Valerii
653 2338 801 2419 Maximi,
823 2338 949 2405 Petrum
971 2340 1013 2405 sl.
1028 2341 1159 2425 reperiri
1173 2340 1219 2405 di·

196 2457 317 2510 cnntnr.
369 2443 400 2506 Α
419 2438 571 2506 luanne
600 2441 898 2507 Trittenbemio
920 2441 974 2528 (de
995 2442 1115 2527 scriptt.
1138 2442 1217 2508 eccl.

195 2568 225 2613 e.
240 2544 320 2631 289)
342 2545 452 2609 dieitur
472 2545 522 2611 vir
541 2545 574 2608 in
596 2543 708 2608 divinis
729 2543 887 2629 scripturis
911 2544 1017 2610 doctus
1033 2554 1066 2610 et
1079 2544 1111 2607 in
1128 2543 1218 2609 disci·

194 2649 285 2734 plinis
314 2647 495 2712 secularium
525 2647 694 2711 litterarum
725 2645 964 2725 eruditissimus,
997 2645 1133 2712 carmine
1162 2666 1219 2711 es·

195 2749 311 2814 callens
327 2759 359 2812 et
373 2769 483 2832 prosa,
508 2748 744 2832 et'antiqnorum
760 2748 939 2833 scripturum
959 2748 1037 2813 baud
1051 2747 1095 2813 ita
1109 2748 1219 2813 infelix

194 2850 329 2917 imitator
342 2849 437 2914 inisse
453 2850 638 2933 perhibetur.
661 2849 810 2935 Equidem
826 2850 934 2929 doleo,
950 2870 999 2915 me
1013 2872 1139 2916 carmen
1153 2851 1219 2916 eins

196 2953 234 3018 de
249 2953 311 3018 vita
329 2946 364 3016 S.
383 2948 530 3016 Germani
547 2959 561 2994 2
579 2973 638 3018 sex
656 2953 742 3018 libris
763 2953 984 3038 conscriptum,
1007 2974 1068 3017 nun
1083 2953 1218 3038 potuisse

194 3055 319 3141 legere,
341 3074 435 3138 quare
451 3055 554 3119 neseio
571 3075 641 3118 num
655 3055 727 3120 iude
752 3074 868 3139 quoque
889 3054 992 3138 colligi
1011 3055 1127 3140 possit,
1150 3075 1219 3120 eum

195 3157 228 3223 in
243 3154 382 3222 iuvenali
397 3157 527 3221 studium
543 3156 693 3241 posuisse.
726 3156 828 3240 Atque
852 3176 919 3221 cnm
942 3156 980 3221 de
995 3157 1089 3242 ipsios
1104 3156 1219 3237 studio,

196 3281 254 3346 qno
279 3260 309 3323 iu
332 3258 461 3342 antiquis
484 3257 681 3343 scriptoribus
702 3267 844 3322 versatus
867 3257 927 3336 sit,
952 3256 1026 3323 nihil
1046 3258 1219 3325 accuratius

197 3362 308 3426 docere
323 3359 454 3445 possim,
479 3360 680 3424 demonstrari
695 3370 795 3423 tumen
811 3371 928 3443 potest,
952 3380 1014 3424 uon
1029 3358 1163 3426 alienum
1181 3359 1218 3426 ab

196 3462 263 3529 eius
284 3472 387 3526 aetate
408 3483 475 3526 eam
497 3461 684 3546 antiquitatis
714 3471 745 3526 et
773 3460 951 3546 praesertim
979 3483 1047 3527 cam
1077 3458 1219 3528 Graecas

194 3558 317 3650 linguae
340 3563 543 3647 coguitionem
566 3564 680 3641 luisse,
703 3564 821 3646 qualem
840 3563 872 3628 iu
895 3563 1113 3629 commentario
1134 3564 1220 3630 vide-

195 3688 281 3745 mus,
305 3666 353 3749 qni
369 3666 434 3731 eins
450 3667 631 3753 auctoritate
647 3664 751 3729 utitur.
782 3663 865 3730 Nam
887 3665 937 3748 qui
952 3676 1013 3730 tum
1028 3664 1105 3732 baec
1120 3666 1220 3733 studia

196 3780 360 3846 curarunt,
391 3789 565 3852 quamquam
590 3788 652 3832 non
676 3766 757 3832 omni
778 3768 929 3833 sermonis
952 3778 984 3832 et
998 3787 1099 3832 rerum
1115 3769 1220 3855 cogni·

195 3873 281 3937 done
305 3871 441 3937 destituti
462 3881 570 3951 erant,
600 3869 712 3936 incerti
741 3880 843 3936 tamen
872 3869 1081 3956 vagabantur,
1112 3879 1220 3936 tenaces

198 4093 211 4146 l
232 4088 272 4142 Gi.
291 4088 441 4155 Fabricius,
462 4091 529 4144 bibl.
548 4089 606 4144 Lat.
625 4093 769 4147 aedisset
785 4093 833 4145 inl.
853 4099 905 4145 sat.
922 4090 946 4146 ll
962 4108 988 4161 p.
1007 4091 1058 4146 325
1070 4107 1126 4162 sqq.
1150 4091 1219 4145 llist.

232 4157 315 4210 litter.
341 4158 372 4210 dc
393 4160 418 4210 ls
443 4159 541 4212 Fnucc
565 4161 589 4212 V
615 4178 641 4230 p.
661 4163 710 4216 5³5
723 4177 778 4230 sqq.
804 4162 883 4229 ntur,
902 4161 993 4216 Gesob.
1008 4161 1041 4213 d.
1060 4160 1134 4215 lton.
1152 4160 1219 4214 titt.

232 4227 267 4278 im
285 4225 373 4278 lisrol.
392 4226 473 4278 zero.
492 4245 517 4294 p.
538 4230 583 4282 111
598 4246 652 4298 sqq.

196 4293 336 4353 Militum
354 4302 395 4346 ast
412 4294 520 4346 Parisiis
537 4300 604 4364 spud
622 4300 685 4350 Stes.
706 4300 854 4353 Colinscnrn
873 4299 949 4354 itta.
967 4301 994 4363 8,
1021 4299 1046 4349 iu
1066 4298 1100 4351 du
1114 4297 1219 4351 Cbessii

232 4364 357 4415 bistorlse
374 4362 531 4416 Francorum
548 4368 717 4435 scriptoribus
734 4370 882 4422 cerauneis
910 4368 981 4436 ql'sr.
1001 4367 1081 4433 1631)
1110 4375 1130 4420 t.
1149 4367 1170 4420 ll
1192 4384 1217 4436 p.

231 4431 282 4487 170
294 4449 350 4500 sqq.
369 4439 396 4485 et
413 4432 439 4484 in
459 4433 664 4489 mussantes.
684 4438 802 4505 Sanctt.,
821 4438 869 4490 lul.
887 4445 908 4490 t.
927 4436 974 4490 Vll
991 4455 1016 4505 p.
1037 4436 1086 4492 2²¹
1101 4452 1157 4504 sqq.
