2574 5054
454 752 537 813 snt.
554 755 575 826 l,
599 759 714 818 112-
733 760 804 817 114.
1079 751 1139 816 111

125 922 266 1002 Spartian.
283 922 383 983 Carae.
401 929 429 985 5.
446 923 481 983 Ut
495 935 587 984 autem
603 924 638 983 ab
654 943 688 983 en
703 926 828 1004 quemvis
837 924 928 984 locum
939 921 1139 997 defenderent,

124 1010 224 1086 anguis
247 1009 339 1088 imago
360 1009 406 1068 vel
426 1010 539 1088 appicta
560 1010 604 1068 vel
628 1013 756 1089 appositu
778 1010 927 1069 satisfecit.
972 1009 1033 1069 Hoc
1054 1008 1137 1070 modo

124 1095 208 1164 enim,
223 1103 254 1152 ut
269 1106 364 1154 notum
380 1104 435 1165 est,
450 1095 659 1173 significabatur
671 1097 789 1173 gernirs,
806 1095 930 1174 inprimis
943 1097 1050 1172 genius
1068 1096 1136 1165 loci,

122 1199 150 1237 v.
167 1177 263 1238 Schol.
287 1179 369 1258 Virg.
390 1179 466 1240 Aen.
492 1179 528 1251 V,
549 1184 600 1243 95.
622 1179 759 1240 Klausen.
783 1179 855 1239 Aen.
877 1179 903 1239 ll
922 1199 952 1258 p.
977 1182 1059 1242 1014
1074 1200 1136 1261 sqq.

123 1263 165 1322 ltu
186 1265 216 1322 in
237 1265 398 1344 anaglypho
419 1267 526 1342 genius
547 1265 732 1325 theatrisui
754 1266 875 1342 imagine
897 1267 995 1342 anguis
1018 1275 1137 1345 apponet

126 1348 298 1422 (Mazocclni,
312 1353 341 1409 in
355 1352 399 1409 tit.
421 1350 535 1429 emphit.
562 1349 631 1430 Cap.
655 1370 682 1429 p.
701 1354 760 1412 158
780 1371 841 1430 sqq.
858 1348 1028 1409 Winclielm.
1044 1350 1137 1429 opp.l

122 1444 143 1492 t.
162 1434 314 1496 11111111
331 1434 364 1495 G.
383 1434 422 1494 Μ.
447 1440 498 1508 38,
516 1438 605 1508 139),
628 1446 659 1495 et
672 1438 700 1494 in
716 1438 824 1514 pictura
840 1433 957 1515 qnadm
974 1435 1051 1508 (Pitt.
1066 1434 1135 1496 Ero.

122 1518 172 1591 IV,
191 1524 239 1582 13.
261 1518 327 1580 Ant.
350 1519 464 1580 d’llerc.
480 1522 502 1592 l,
523 1525 575 1593 33)
592 1522 691 1598 anguis
714 1539 782 1579 arae
797 1520 1012 1580 circumvolutus
1028 1533 1083 1593 est,
1099 1539 1136 1580 ee

122 1623 194 1683 quae
209 1624 278 1665 arae
293 1603 422 1684 imposita
437 1616 502 1665 sunt
516 1605 684 1684 depascens,
707 1625 770 1665 cum
784 1607 981 1684 inscriptione:
1026 1608 1134 1665 Genius

122 1690 209 1748 leuius
222 1692 282 1750 loci
296 1693 412 1750 montis.
442 1690 496 1750 Ubi
519 1702 611 1750 nutem
634 1691 704 1750 haec
726 1692 802 1769 genii
823 1692 915 1768 imago
936 1690 1083 1763 exstabat,
1109 1692 1135 1750 is

121 1774 201 1834 locus
224 1795 310 1836 sacer
329 1787 393 1836 erat
415 1787 445 1836 et
467 1787 543 1836 tutus
558 1776 594 1835 ab
609 1775 721 1836 iniuria.
751 1775 845 1848 Quare
870 1776 938 1834 nihil
958 1776 1135 1855 frequentius

122 1870 169 1919 est
184 1859 342 1939 Pompeiis,
373 1882 454 1942 quem
475 1864 503 1920 in
526 1859 642 1920 aedibus
664 1871 694 1920 et
713 1861 815 1940 plateis
837 1862 881 1920 vel
897 1880 980 1920 unum
1001 1860 1048 1920 vel
1063 1859 1134 1919 dnos

122 1965 229 2022 angues
246 1945 368 2024 grandes
389 1948 481 2026 pictos
501 1945 609 2018 videre,
626 1946 719 2019 (11.1.
735 1966 766 2024 g.
783 1945 859 2005 Mon.
875 1943 953 2006 lned.
970 1944 996 2004 d.
1012 1946 1081 2005 lust.
1097 1944 1136 2007 [ΙΙ

120 2040 140 2087 t.
157 2033 177 2093 6
193 2029 313 2104 Schola,
337 2043 461 2111 rapport.
486 2031 612 2111 Pompei.
638 2053 666 2111 p.
691 2034 740 2094 10.
766 2036 815 2093 17.
831 2034 904 2110 34),
928 2042 957 2090 et
976 2033 1075 2091 nescio
1097 2049 1134 2090 en

119 2111 185 2175 inde
200 2114 393 2195 explicandum
411 2119 462 2191 sit,
485 2116 559 2197 qrrod
574 2118 731 2176 etiamnunc
754 2118 781 2174 in
797 2115 876 2174 ltalia
891 2116 936 2175 liic
952 2116 1008 2175 illic
1024 2113 1133 2177 aedium

119 2203 220 2279 parieti
236 2222 343 2280 angues
358 2203 486 2282 appictos
502 2222 622 2262 cernere
639 2202 714 2260 licet.
736 2199 816 2275 Quod
832 2211 925 2260 autem
947 2203 1051 2280 optime
1066 2202 1094 2260 h.
1109 2201 1131 2263 l.

119 2286 255 2358 illustrat,
279 2290 306 2345 iu
328 2291 438 2367 pariete
462 2288 555 2367 aliquo
576 2285 769 2359 conclavium,
799 2287 899 2365 quibus
927 2287 1054 2346 thermae
1076 2286 1134 2346 Titi

120 2382 332 2450 superstructae
349 2385 423 2444 sunt,
439 2383 469 2432 et
483 2393 555 2452 quae
571 2373 635 2431 olim
651 2383 759 2451 partem
775 2371 873 2430 domus
889 2391 994 2432 aureae
1009 2372 1132 2432 Neronis

119 2456 286 2529 effecerunt,
302 2459 368 2536 picti
383 2468 447 2516 sunt
461 2457 516 2516 duo
532 2478 650 2536 angues,
666 2477 727 2516 cnm
743 2459 796 2515 hac
811 2458 993 2535 inscriptione

247 2542 415 2602 uvouuct
429 2541 529 2602 Duos
544 2543 594 2602 ET
609 2541 759 2601 DldNAlll
775 2542 824 2601 ET
840 2541 959 2602 tovEtt
1011 2580 1017 2587 -

170 2666 179 2681 .
247 2628 433 2688 OPTVMVM
447 2627 630 2687 MAXIMVM
646 2627 800 2686 HABEAT
815 2626 953 2686 lllATOS

244 2712 419 2786 Qvtsuvts
434 2713 493 2772 fltc
508 2712 667 2773 MlXElllT
681 2712 760 2772 AVT
776 2711 950 2772 contult.

119 2796 272 2876 Imaginem
295 2819 357 2858 cum
377 2800 560 2877 inscriptione
585 2797 662 2858 dedit
682 2798 718 2856 A.
741 2797 776 2856 de
799 2797 947 2869 llomanis,
971 2798 997 2856 le
1020 2798 1132 2859 antiche

118 2902 232 2943 camere
240 2883 395 2964 Esquiline.
407 2883 486 2942 liom.
505 2888 596 2954 1822,
611 2884 683 2942 1111
698 2884 788 2943 solam
795 2883 924 2942 Osannus
939 2882 1008 2961 Syll.
1022 2904 1048 2962 p.
1059 2887 1132 2956 404,

117 2973 170 3030 45.
185 2967 275 3028 Hodie
297 2979 415 3049 utraque
439 2970 485 3026 vix
507 2971 585 3028 cerni
609 2979 711 3047 potest.
748 2969 779 3028 11
801 2986 851 3026 ara
866 2968 1034 3045 sepulcrali,
1050 2988 1133 3048 quens

116 3056 157 3112 A.
180 3055 395 3113 Herennulet'us
414 3056 536 3113 Hermes
561 3055 672 3131 coniugi
702 3053 796 3131 posuit
821 3050 907 3129 (apud
936 3052 1062 3112 Pabrett.
1092 3053 1132 3113 lv

116 3159 144 3217 p·
160 3142 218 3201 281
239 3145 315 3219 sq.),
338 3160 355 3198 a
377 3137 485 3198 duobus
508 3140 643 3198 lateribus
665 3139 721 3196 bini
741 3148 890 3216 serpentes
911 3135 1041 3215 insculpti
1057 3148 1131 3209 sunt,

117 3243 232 3303 quorum
248 3225 479 3302 significationem
502 3244 540 3284 ex
554 3224 581 3282 1.
598 3225 617 3285 Ι.
643 3235 722 3282 recte
738 3222 890 3300 explicavit
904 3222 935 3280 C.
952 3222 988 3281 H.
1006 3226 1033 3281 in
1048 3222 1130 3283 Misc.

116 3309 199 3368 0bss.
214 3308 287 3368 Nov.
303 3310 356 3386 lp.
376 3313 423 3372 19.
447 3309 572 3388 Egregie
588 3319 680 3368 autem
704 3308 819 3368 Persius
841 3327 884 3366 vs.
908 3312 967 3370 112
988 3308 1131 3386 antiquum

115 3395 239 3472 rigorem
255 3395 327 3473 legis
343 3397 464 3454 imitatus
481 3405 535 3454 est.
559 3393 680 3454 Primum
692 3392 868 3453 dictatorium
884 3391 950 3451 illud
965 3401 1029 3451 veto
1042 3395 1131 3471 ponit,

116 3480 162 3539 cui
177 3477 302 3558 adiungit
316 3483 457 3560 antiquam
473 3482 557 3539 futuri
575 3481 691 3539 formum
699 3478 789 3558 soaes't
809 3477 889 3550 (llor.
905 3488 959 3536 sat.
975 3477 1009 3549 ll,
1025 3481 1055 3550 3,
1072 3482 1130 3551 38,

116 3566 146 3636 6,
163 3570 205 3637 5),
221 3563 256 3625 de
278 3585 332 3646 qua
354 3566 504 3643 praeclare
524 3566 584 3643 egit
604 3563 746 3642 Madvig,
769 3563 805 3622 de
821 3563 972 3622 formarum
990 3560 1128 3643 quarund.

115 3649 195 3708 verbi
209 3649 274 3709 Lat.
290 3661 391 3710 natura
406 3661 436 3709 et
451 3670 502 3710 usu
518 3649 589 3729 disp.
604 3649 616 3709 l
629 3649 729 3722 (liavn.
747 3652 852 3721 1835).
885 3649 996 3707 Oletum
1010 3668 1066 3708 vox
1080 3668 1131 3707 sn·

114 3737 192 3814 tiqua
207 3736 269 3807 iuit,
285 3756 312 3794 v.
329 3734 417 3794 Paull.
433 3735 514 3796 Diae.
531 3756 557 3794 s.
574 3756 601 3794 v.
617 3736 736 3805 oletum,
761 3745 872 3793 stercus
888 3733 1047 3793 humanum.
1070 3734 1131 3794 Ve-

113 3822 226 3879 ranius:
251 3818 437 3880 Sacerdotula
459 3823 486 3880 in
509 3822 635 3879 sacrario
650 3819 772 3879 Martiali
793 3820 863 3878 tecit
877 3818 991 3877 oletum.
1020 3819 1066 3878 Gi.
1084 3818 1131 3879 lex

114 3903 187 3983 apud
210 3905 335 3965 Frontin.
357 3904 393 3965 cle
416 3904 538 3985 aquaed.
562 3909 621 3968 97:
657 3908 705 3964 Ne
727 3905 791 3982 queis
814 3922 920 3982 apuam
940 3905 1049 3963 oletoto
1063 3905 1129 3963 doto

113 3993 190 4049 molo
198 4035 210 4063 ,
235 3993 288 4050 ubi
296 3992 414 4069 publice
433 3993 531 4051 saliet.
572 3992 692 4068 Siquis
715 3991 856 4058 eiecerit,
879 3991 1080 4047 sestertiorum
1097 3991 1131 4047 Χ

113 4077 303 4136 multamulta
319 4086 399 4150 csto,·
422 4077 468 4135 111
485 4077 545 4155 ipse
560 4074 652 4135 addit:
692 4077 801 4134 oletoto
816 4075 932 4132 valletur
946 4093 1009 4133 esse
1022 4074 1128 4133 obitum

102 4159 211 4239 scorto.

198 4268 224 4304 v.
245 4249 420 4308 114-123.
443 4245 570 4324 Egregie
591 4245 705 4305 Persius
726 4255 887 4323 poetarum,
901 4262 1016 4323 quorum
1032 4263 1129 4303 enem-

113 4333 187 4411 plum
203 4330 376 4412 sequendum
392 4331 445 4389 sibi
460 4333 623 4410 proposuit,
644 4330 785 4390 diversum
805 4331 946 4407 ingenium
966 4331 1063 4408 paucis
1078 4327 1129 4388 dc·

113 4419 240 4479 claravit.
265 4418 293 4477 lu
309 4418 425 4476 Lucilio
441 4418 514 4476 enim
530 4435 598 4495 prae
613 4418 720 4478 ceteris
737 4415 852 4474 libertos
874 4412 1052 4486 admiranda,
1074 4432 1129 4494 qua
