2574 5054
125 750 169 793 nx
450 727 818 793 enotuuounss.

125 908 157 962 et
171 907 280 962 exorta
294 916 403 982 aspera
418 899 563 983 quaedam
578 899 797 984 inaequalitas,
819 894 897 984 quae
919 919 1007 983 qnam
1027 900 1136 965 alienae

124 998 227 1065 arbori
249 997 428 1066 Venusinae
448 1000 558 1066 insitae
580 1001 643 1066 sint
657 1003 761 1087 fruges
775 999 850 1066 satis
866 1001 1012 1068 declarat.
1044 1002 1136 1086 Atqui

125 1101 182 1167 hac
204 1101 235 1165 in
258 1123 293 1167 re
316 1111 520 1186 paupertatem
542 1103 691 1187 quandam
706 1103 820 1189 ingenii
837 1114 870 1170 et
882 1103 1068 1182 iuvenilem,
1091 1123 1136 1169 en

125 1203 276 1289 parientia
290 1214 323 1269 et
337 1224 393 1269 usu
410 1205 542 1269 nondum
557 1206 604 1270 sni
620 1206 919 1290 compotemisctuna,
935 1204 1068 1279 animum
1083 1207 1136 1272 ein

126 1326 188 1370 non
210 1326 368 1391 possumus
391 1308 462 1392 quin
484 1326 704 1392 agnoscamus,
727 1309 778 1390 qui
800 1327 866 1372 cum
888 1306 1034 1374 laudabili
1048 1307 1136 1372 studit

125 1410 164 1475 ad
187 1411 297 1494 optima
319 1429 454 1494 quaeque
481 1410 633 1488 ferretur,
657 1418 759 1472 tamen
786 1428 849 1472 non
878 1409 954 1474 satis
980 1409 1136 1474 intellexit

126 1513 196 1596 quid
218 1514 404 1599 potissimum
427 1521 458 1576 et
479 1520 627 1594 maternus
650 1521 847 1595 sequeretur,
873 1520 905 1575 et
924 1530 991 1574 cnm
1013 1511 1136 1596 ingena<

126 1637 230 1680 amore
261 1614 419 1679 Horatium
448 1613 682 1697 amplecteretur
703 1613 827 1697 eiusque
857 1623 951 1677 artem
983 1613 1135 1679 admirare

128 1729 193 1797 tur,
217 1719 264 1781 sui
286 1718 381 1804 ipsius
404 1715 520 1802 ingenii
538 1714 635 1777 minus
651 1725 798 1800 expertus
813 1714 927 1792 iudex,
950 1725 1046 1779 totum
1061 1736 1096 1781 se
1110 1738 1136 1781 at

127 1822 208 1884 illum
224 1818 436 1883 conformavit.
454 1815 523 1900 Qua
537 1816 569 1881 in
582 1837 616 1880 re
631 1828 774 1900 quantum
790 1829 954 1901 temporum
971 1817 1136 1883 discrimen

127 1921 300 2006 ingeniique
317 1919 523 1984 diversitatem
546 1921 705 1986 nonsatis
727 1932 810 1987 recte
833 1932 1021 2005 perspectam
1037 1921 1136 1986 habne

128 2024 187 2100 rit,
212 2022 298 2087 nobis
321 2022 439 2106 quidem
455 2032 555 2107 patet,
580 2043 677 2107 eoque
697 2024 795 2108 magis
816 2022 979 2104 miramur,
1003 2043 1064 2107 quo
1087 2042 1134 2086 me

127 2126 184 2189 lius
202 2122 359 2188 Horatium
375 2125 440 2210 ipse
457 2124 595 2208 depinxit
608 2122 736 2190 Persius
751 2121 792 2209 (l,
812 2121 874 2188 116
888 2126 985 2209 sqq).
1023 2123 1136 2190 Scilice

128 2224 248 2290 Horatii
270 2226 378 2290 mobile
401 2212 579 2310 crat'atquc
601 2227 632 2290 in
653 2226 745 2292 rebus
767 2227 847 2291 lucili
862 2247 899 2291 ac
914 2226 990 2292 scits
1006 2237 1075 2291 arte
1090 2237 1136 2291 tra

128 2329 245 2394 cttndis
260 2329 415 2414 egregium
432 2329 600 2414 ingenium,
617 2329 734 2392 animus
750 2326 815 2393 eius
824 2327 904 2393 vitae
921 2330 1014 2393 variis
1030 2329 1136 2394 easibu

128 2432 250 2495 multum
273 2430 381 2514 diuque
404 2441 565 2508 versatus,
588 2430 640 2513 qui
662 2431 737 2495 nulli
757 2451 793 2495 re
808 2430 895 2516 plane
913 2430 1052 2511 deditus,
1078 2431 1136 2496 null

128 2532 334 2619 philosophiae
356 2543 438 2598 totus
467 2531 623 2611 addictus,
652 2533 725 2598 ittod
755 2533 829 2597 nihil
858 2533 1000 2596 admirari
1029 2552 1136 2617 assequ

128 2635 288 2714 studebat,
312 2635 462 2701 derebus
489 2633 647 2714 humanis,
671 2656 745 2720 quas
773 2635 831 2698 sibi
860 2634 1082 2718 subiungebat,
1112 2656 1136 2700 e«

129 2737 231 2802 verius
247 2737 416 2814 iudicabat,
440 2759 497 2820 quo
514 2738 608 2802 maius
624 2739 755 2802 studium
770 2736 949 2816 adhibebat,
973 2757 1014 2801 ne
1030 2737 1136 2801 nimius

129 2838 167 2903 iis
188 2840 377 2917 afficeretur,
399 2840 476 2903 iram
497 2850 528 2902 et
549 2840 649 2903 odium
673 2861 691 2903 a
712 2861 747 2905 sc
771 2839 917 2916 removit,
944 2848 976 2904 et
996 2838 1136 2904 hominus

129 2941 228 3005 studia
244 2961 280 3005 ec
296 2941 421 3006 liberius
437 2942 522 3019 risit,
547 2963 604 3024 qno
621 2941 718 3005 minus
733 2961 768 3005 se
783 2943 820 3006 iis
836 2941 901 3026 capi
919 2941 1093 3019 sentiebat,
1114 2940 1136 3005 a]

129 3042 329 3108 amaritudine
345 3043 477 3120 alienus,
501 3044 538 3107 ad
559 3044 640 3108 vitae
655 3043 812 3108 utilitatem
829 3045 971 3129 pleraque
987 3046 1136 3108 reicrree

130 3157 272 3229 quantum
293 3145 358 3210 fieri
380 3156 483 3229 posset
505 3143 543 3209 in'
556 3145 665 3209 honam
687 3156 802 3230 partem
818 3147 1015 3231 interpretari
1031 3146 1136 3210 solitus

130 3245 239 3332 Longe
254 3246 345 3312 aliter
358 3245 496 3313 Persius.
521 3230 592 3330 ‘Qui
614 3268 790 3331 quamquam
805 3248 842 3312 iis
859 3249 1044 3332 temporibus
1060 3247 1136 3312 vixit

130 3371 207 3434 quae
223 3349 380 3414 Romanos
395 3349 450 3414 sub
467 3348 682 3414 crudelissimis
697 3360 786 3433 atque
809 3351 930 3415 vesanis
946 3351 1086 3437 tyrannis
1102 3349 1136 3413 ah

130 3451 407 3519 iecta.adulatione
431 3472 607 3535 morumque
635 3454 766 3537 pessima
796 3454 989 3538 corruptione
1017 3451 1136 3535 perdito

130 3553 295 3630 videbant,
311 3573 372 3616 nou
388 3563 420 3616 ut
436 3552 554 3616 Horatii
571 3572 647 3631 aevo
665 3554 778 3618 civibus
794 3555 945 3617 intestinis
962 3552 1048 3618 hellis
1063 3565 1136 3638 atqu

131 3655 275 3720 caedibus
290 3656 379 3721 lassis
394 3657 588 3722 securitatem
604 3665 633 3720 et
650 3656 780 3740 quietem
804 3657 1039 3741 promittebant,
1063 3656 1136 3721 habe

130 3757 184 3821 bat
198 3758 289 3823 ctiam
304 3758 459 3843 ingenium
476 3769 586 3823 natura
608 3759 696 3822 triste
717 3779 753 3822 ac
774 3779 934 3838 severum,
958 3759 1038 3841 qood
1058 3758 1136 3822 stoic

132 3859 306 3943 disciplina,
332 3882 408 3945 quae
425 3881 492 3925 euru
508 3871 603 3925 totum
619 3861 676 3924 sihi
693 3860 920 3940 vindicaverat,
945 3858 1041 3942 magis
1064 3861 1136 3924 etiar

133 3961 266 4024 exacuit.
296 3959 379 4026 Idem
402 3984 478 4028 vero
500 3963 593 4028 vitam
616 3984 672 4027 usu
695 3984 757 4025 non
780 3963 883 4027 hahuit
904 3961 1077 4047 cognitam,
1101 3981 1134 4026 se

133 4061 222 4125 talem
245 4063 311 4126 lere
333 4064 437 4136 novit,
464 4066 579 4146 qualem
602 4065 699 4130 stoica
726 4065 882 4150 disciplina
896 4065 1136 4150 repraesentavit

132 4163 231 4246 itaque
255 4184 315 4226 non
339 4165 435 4248 potuit
458 4187 494 4230 ea
514 4167 606 4230 animi
629 4167 846 4252 tranquillitate
869 4178 959 4250 atque
988 4167 1136 4231 serenitat

132 4264 211 4344 lrni,
236 4285 311 4348 quae
334 4287 396 4330 non
419 4267 476 4331 uisi
501 4269 529 4332 ei
552 4269 716 4354 contingit,
743 4269 793 4352 qui
822 4269 903 4334 vitae
929 4269 1136 4355 tempestatibc

133 4367 182 4431 diu
199 4367 327 4433 iactatus
343 4368 474 4455 animum
490 4371 636 4450 firmavit,
660 4373 713 4437 sed
735 4371 861 4437 iuvenili
883 4371 1018 4457 impetu,
1043 4371 1092 4456 qui
1118 4393 1136 4434 n
