2574 5054
159 741 223 785 cem
489 716 855 782 ructuantibus.

244 886 310 952 llos
332 886 419 951 codd.
443 888 672 955 accuratissime
696 910 762 954 cam
785 890 836 955 ed.
855 887 1094 955 'l'auehnitzianr
1111 914 1185 955 con-

160 993 245 1070 tulit,
270 1001 301 1055 et
315 1012 367 1054 vv.
384 989 416 1052 lb.
434 989 645 1056 liberalissime
661 1013 779 1058 mccnm
801 994 1035 1058 communicavit
1052 1016 1081 1057 e.
1102 993 1185 1058 1837

160 1092 223 1158 Fr.
241 1091 443 1157 Breierus.

61 1246 141 1299 ltct
207 1227 326 1326 —Cod
365 1227 565 1294 bibliothecae
602 1230 809 1296 universitatis
846 1231 1057 1306 Bosilecnsrb,
1103 1233 1184 1313 sign.

162 1329 188 1395 F
203 1328 248 1394 lll
263 1331 318 1409 22,
336 1329 406 1415 (dds.
419 1329 452 1415 l)
467 1332 717 1398 membranaceus
731 1334 828 1396 forma
844 1331 979 1406 maiore,
1003 1353 1087 1396 saec.
1105 1329 1185 1398 XIV

161 1445 195 1499 ut
216 1431 348 1508 Rothio,
379 1428 459 1496 Xlll
476 1443 512 1496 'nt
536 1432 672 1513 Orellio,
704 1431 768 1499 Xll
796 1445 829 1498 ut
859 1432 1022 1499 Gerlachio
1051 1435 1184 1512 videtur,

160 1534 290 1620 scriptos
306 1531 480 1599 Iuvenalem
497 1546 528 1598 et
542 1531 680 1599 Persium
697 1535 844 1598 continet.
871 1533 998 1600 Glossas
1014 1536 1104 1600 habet
1120 1539 1187 1602 nul-

159 1637 219 1702 lius
241 1637 343 1722 pretii.
372 1634 435 1702 Vv.
459 1637 491 1700 ll.
515 1637 581 1702 eius
602 1636 694 1702 babet
709 1637 799 1700 ctiam
816 1633 998 1702 Orellins
1013 1638 1046 1701 in
1060 1637 1187 1723 Eclogis

160 1749 255 1823 poelt.
272 1739 338 1801 latt.
357 1739 407 1801 ed.
426 1759 489 1803 sec.

65 1859 143 1912 dat
248 1837 327 1904 Cod.
361 1839 494 1905 eiusdem
522 1839 745 1918 bibliothecae,
776 1839 856 1921 sign.
880 1837 907 1902 1⁴¹
928 1823 981 1902 ITt
997 1838 1019 1903 6
1048 1840 1185 1922 (Bet),

161 1943 257 2005 lorma
280 1962 406 2024 magna,
438 1941 636 2019 chartaceus,
666 1962 749 2005 saec.
779 1935 842 2002 XV
869 1938 1019 2025 scriptus,
1050 1946 1188 2009 continet

161 2041 301 2120 Horatii,
332 2039 483 2106 luvenalis
505 2054 537 2106 et
559 2039 660 2106 Persii
687 2042 817 2119 satiras,
848 2041 935 2105 buius
965 2052 1066 2108 tamen
1096 2057 1189 2110 senta

163 2146 262 2210 deest.
295 2143 476 2228 Adscriptae
493 2154 564 2207 sunt
579 2135 720 2229 glossae,
744 2144 775 2207 in
796 2142 844 2207 his
860 2142 1065 2209 Teutonicae.
1090 2145 1188 2210 Huius

163 2267 279 2331 quoque
295 2269 346 2310 vv.
364 2246 396 2309 ll.
415 2244 507 2308 babet
521 2242 718 2310 Orellins.

248 2345 414 2430 Utrumque
430 2346 563 2411 codicem
579 2346 613 2410 in
628 2369 713 2412 nsum
730 2367 827 2412 meum
845 2344 1020 2411 contulitC.
1031 2344 1072 2412 L.
1090 2345 1189 2411 Roth

163 2470 229 2515 eum
246 2451 379 2513 editione
396 2446 571 2532 Bipontina.

117 2571 149 2622 ι’.
249 2549 327 2616 Cod.
345 2551 415 2614 olim
438 2548 498 2613 Fr.
522 2547 743 2627 Crenaeri,
766 2550 817 2632 qui
833 2549 899 2615 eius
915 2552 1100 2616 mentionem
1117 2554 1190 2616 lecit

163 2655 195 2718 in
219 2674 349 2717 censura
371 2651 496 2734 quadam
525 2649 652 2736 (Wien.
681 2650 808 2718 Jahrbb.
833 2649 946 2716 Lxlx
966 2674 996 2737 p.
1015 2651 1078 2717 100
1092 2659 1188 2736 sqq.),

164 2755 293 2819 nuncin
309 2753 489 2822 bibliotheca
504 2751 771 2838 Heidelbergersi
787 2763 963 2817 asservatus
985 2753 1077 2839 (0.),
1102 2755 1190 2819 char·

163 2868 288 2935 tacens,
311 2877 395 2919 saec.
412 2850 489 2933 XV,
515 2854 591 2918 male
605 2856 746 2937 scriptus.
776 2851 978 2919 Collationcm
995 2856 1033 2918 ad
1049 2855 1189 2920 Passovii

164 2958 330 3024 editionem
352 2978 371 3021 a
393 2978 427 3022 sc
451 2958 560 3021 luctam
587 2978 704 3021 mecum
734 2955 968 3021 communicavit
996 2955 1191 3023 Schoene-

164 3079 340 3124 mannus

117 3171 153 3222 11.
252 3158 332 3224 Cod.
349 3161 548 3225 bibliothecae
563 3160 762 3238 Drcsdensab,
780 3161 857 3246 sign.
874 3157 1080 3245 1t155(1).),
1098 3182 1191 3224 mem-

164 3265 353 3338 branaceus,
378 3264 473 3327 nitide
496 3264 626 3347 scriptus
648 3262 735 3346 pictis
758 3263 943 3342 initialibus,
968 3263 1104 3326 continet
1125 3263 1188 3325 loll.

164 3361 395 3431 881nvenalcm
412 3375 443 3428 et
457 3362 616 3440 Persium,
640 3365 670 3427 iu
696 3363 781 3428 errius
803 3365 861 3429 dne
877 3365 990 3448 legitur
1004 3364 1086 3440 vita,
1110 3384 1126 3424 a
1144 3385 1191 3426 mc

165 3486 196 3551 p.
208 3463 272 3531 240
287 3464 379 3529 edita.
398 3465 546 3530 Extremo
563 3467 668 3530 codice
682 3466 824 3545 leguntur
839 3464 932 3530 hacc:
949 3464 1097 3548 Ecmlicit
1111 3465 1192 3528 liber·

165 3567 272 3631 Persii
290 3570 394 3631 satiri.
427 3567 572 3652 Serapias
588 3588 648 3653 per·
669 3586 717 3630 me
743 3565 957 3644 Gherurdum,
987 3567 1117 3631 Ioannis
1138 3565 1194 3628 dal

171 3667 317 3755 Giriagio
339 3671 433 3732 ciuem
456 3679 489 3732 et
507 3673 663 3733 notorium
686 3670 898 3735 Florentinum
914 3669 953 3732 de
968 3690 1048 3731 curro
1062 3667 1194 3731 Domini

166 3768 385 3836 Mcccctll
409 3770 447 3836 de
474 3794 576 3837 mense
596 3773 754 3858 Augusti.
791 3768 915 3835 Contuli
937 3791 967 3833 a.
994 3768 1087 3835 1834.
1126 3771 1191 3832 Ad-

167 3871 379 3938 hihaeratianr
401 3872 621 3939 Passovins
644 3870 862 3957 (cr.p.155)‚
886 3882 918 3936 et
941 3873 1075 3949 notavit,
1101 3869 1192 3934 Cor-

169 3975 260 4038 tinm
283 3976 411 4057 margini
434 3976 577 4039 editionis
601 3973 859 4051 Schrcvclisnac,
889 3994 965 4056 qnae
994 3973 1023 4036 in
1052 3972 1189 4036 biblioth.

167 4072 353 4139 Vimariensi
375 4089 536 4152 servatur,
568 4079 702 4142 eiusdem
723 4078 856 4152 codicis,
880 4097 968 4158 quem
994 4074 1194 4138 Chcrnm'oen-

168 4197 231 4239 scm
245 4186 354 4252 vocat,
378 4199 427 4240 vv.
445 4179 477 4241 ll.
495 4179 706 4263 adscripsisse.
737 4177 800 4242 Eas
822 4179 917 4243 edidit
931 4176 971 4241 E.
990 4175 1030 4241 G.
1048 4174 1193 4240 Webe-

169 4299 235 4343 rus
257 4278 285 4341 io
303 4279 434 4341 editione
450 4302 504 4343 sna
524 4277 623 4365 (Lips.
642 4279 752 4361 1824).

123 4397 156 4450 re.
257 4378 335 4444 Cod.
365 4379 564 4447 bibliothecae
594 4383 769 4448 monasterii
794 4381 1038 4457 Eicsr'cdlcosr's,
1070 4404 1101 4444 n.
1132 4379 1195 4444 328
