2574 5054
198 774 295 821 cxxvi
524 749 885 817 Pa-ohuuostutta,

197 925 303 991 codice
318 919 522 1006 manuscripto
537 920 692 1006 leguntur,
707 917 1047 1005 praeterPithoeanum‚
1057 920 1106 1004 qni
1115 915 1219 1006 quam

197 1047 284 1111 qnam
292 1046 352 1088 non
360 1024 524 1107 integrum,
540 1033 642 1089 nmen
658 1023 789 1088 omnium
799 1022 929 1088 maxime
945 1023 1064 1087 textum
1078 1024 1218 1108 antiquo·

195 1151 262 1195 rum
278 1127 460 1193 scholiorum
476 1135 725 1210 repraesentasse
740 1125 877 1202 videtur,
904 1133 993 1208 atque
1007 1125 1038 1188 id
1052 1126 1083 1189 in
1100 1126 1219 1191 edendo

196 1229 334 1296 iuvenali
349 1229 509 1312 aliquando
526 1229 567 1293 ita
583 1228 823 1312 persequendum
840 1227 910 1304 erit,
926 1238 1121 1312 utappareat,
1137 1226 1218 1292 haud

195 1336 237 1400 ita
260 1331 362 1418 paucis
384 1332 460 1396 locis
482 1330 595 1415 insigni
622 1330 712 1394 modo
736 1329 888 1394 diversum
911 1329 1006 1395 fuisse
1033 1329 1217 1395 scholiastae

195 1446 313 1502 textum
335 1432 372 1498 ah
395 1451 432 1497 eo
453 1433 554 1517 quiin
578 1433 690 1497 nostris
710 1432 864 1497 codicibus
879 1430 1001 1516 legitur.
1034 1431 1100 1496 llos
1115 1443 1217 1497 autern

196 1537 338 1614 codices,
372 1546 514 1619 quantum
538 1556 596 1620 ego
619 1535 710 1612 novi,
741 1555 915 1618 quamquam
944 1533 1081 1599 intense
1104 1535 1217 1599 diversi

196 1651 266 1705 sunt
288 1638 443 1716 bonitate,
468 1658 565 1720 neque
587 1637 653 1722 pari
675 1637 765 1701 modo
788 1637 941 1720 corrupti,
964 1637 1000 1700 ad
1016 1658 1106 1701 unum
1121 1637 1217 1702 idem·

195 1762 252 1825 que
269 1761 365 1825 genus
380 1750 481 1804 tamen
498 1739 651 1823 pertinere
666 1738 754 1804 facile
769 1750 904 1823 apparet.
928 1738 1052 1804 Eminet
1067 1740 1148 1804 inter
1162 1760 1218 1804 eos

195 1844 307 1908 inmitia
324 1841 479 1920 codicum,
502 1841 551 1923 qui
567 1852 668 1905 aetate
683 1842 761 1906 haud
778 1843 1002 1907 contemnenda
1023 1853 1056 1907 et
1073 1843 1217 1907 lectionis

194 1944 371 2029 integritate
393 1944 659 2023 commendantur,
690 1953 801 2008 ettam
823 1954 963 2009 accurate
983 1944 1065 2009 inter
1086 1966 1120 2010 se
1142 1967 1218 2010 eon·

196 2057 325 2134 gruunt,
349 2055 383 2108 nt
404 2066 447 2109 ex
466 2065 527 2108 nno
550 2045 689 2129 exemplo
713 2045 817 2110 ductos
840 2066 893 2111 eos
916 2066 985 2111 esse
1006 2048 1215 2132 perspiciatur.

195 2150 245 2215 Ad
261 2170 326 2214 cam
343 2146 496 2233 pertinent
510 2149 600 2212 codd.
617 2158 784 2213 monaster.
803 2145 1013 2233 sangallensis
1029 2161 1061 2215 et
1074 2147 1218 2215 Einsied·

194 2251 288 2318 lensis
302 2273 367 2316 seo.
384 2247 419 2313 X
432 2252 482 2316 vel
497 2246 563 2328 XI,
580 2246 738 2314 Parisinus
753 2269 817 2314 sec.
833 2246 916 2325 Xll,
933 2249 1133 2317 Laurentiani
1148 2274 1216 2318 see.

194 2352 245 2420 xl
264 2362 287 2434 ¹,
313 2353 361 2436 qui
381 2354 451 2418 ideo
472 2372 606 2417 summae
629 2353 817 2417 auctoritatis
840 2363 905 2430 est,
929 2355 1007 2436 quod
1029 2355 1131 2418 addita
1145 2355 1217 2418 suh·

193 2457 357 2540 scriptione
371 2465 519 2533 testatur,
537 2474 605 2520 esse
621 2454 801 2539 descriptum
817 2455 853 2518 ad
869 2456 1039 2540 exemplum
1053 2477 1070 2520 a
1085 2455 1119 2522 N
1125 2458 1217 2522 icen

193 2557 312 2622 Romae
336 2560 539 2622 emendatum.
574 2554 713 2623 lamvero
736 2556 768 2621 hi
791 2557 881 2622 codd.
907 2577 967 2621 non
986 2558 1082 2622 solum
1107 2558 1217 2642 nhiqne

194 2680 247 2726 eas
269 2660 418 2724 lectiones
444 2659 611 2744 praebent,
642 2679 714 2743 quas
741 2659 876 2744 explicat
904 2656 1080 2738 Cornutus,
1110 2681 1216 2726 rerum

194 2761 295 2825 addita
313 2761 424 2826 hahent
446 2759 560 2826 scholia
575 2761 682 2847 partim
702 2761 734 2825 in
754 2762 890 2846 margine
912 2762 1085 2848 adscripta,
1108 2763 1216 2848 partim

195 2864 340 2930 contiuua
360 2862 441 2927 serie
464 2863 637 2948 descripta,
660 2883 737 2946 quae
759 2864 829 2948 quin
853 2863 915 2928 sint
934 2865 1120 2929 eademnam
1137 2861 1217 2930 Cor-

194 2965 260 3030 nuti
280 2965 401 3030 scholiis
424 2985 485 3028 non
510 2966 632 3029 videtur
650 2965 781 3030 duhinm.
819 2964 955 3042 Doleoa
976 2986 1025 3032 me
1047 2986 1109 3031 non
1130 2968 1217 3052 plura

194 3079 341 3152 excerpta
371 3087 457 3144 esse,
501 3087 518 3132 e
547 3066 654 3150 quihus
682 3067 714 3131 id
746 3068 857 3133 clarius
893 3078 1073 3156 appareret,
1108 3090 1216 3134 rerum

193 3193 260 3236 cnm
278 3172 399 3235 codices
413 3169 595 3256 inspicerem
611 3180 642 3233 ct
656 3169 791 3235 viderem
810 3171 914 3236 inesse
930 3169 1005 3236 nihil
1026 3170 1083 3235 nisi
1105 3191 1215 3255 nugas,

194 3274 277 3339 nolui
302 3285 416 3358 tempus
439 3271 568 3356 perdere
592 3271 810 3352 describendo,
840 3273 878 3337 ad
906 3272 985 3338 hanc
1007 3274 1216 3358 pacationem

193 3383 256 3437 tum
273 3396 333 3438 non
349 3377 423 3441 satis
439 3384 585 3439 attentus.
609 3370 671 3438 Sed
693 3375 802 3440 sufficit
824 3375 875 3441 vel
898 3377 976 3454 hoc,
1000 3376 1078 3460 quod
1094 3376 1215 3457 eadem,

193 3496 269 3559 quae
285 3475 322 3538 ad
338 3473 394 3554 VI,
411 3474 476 3542 276
490 3478 527 3542 de
544 3497 681 3541 curruca
702 3477 838 3556 avicula,
862 3497 938 3562 quac
957 3476 1061 3563 hausu
1082 3478 1216 3557 dicatur,

193 3578 231 3642 ad
249 3573 321 3654 Vll,
341 3577 402 3643 114
418 3581 455 3644 de
470 3582 572 3666 inepta
587 3578 718 3644 lectione
734 3600 790 3643 aare
809 3581 970 3666 scalpam,
993 3582 1030 3647 ad
1053 3576 1129 3661 vlt,
1152 3577 1216 3646 15⁴

193 3680 230 3744 de
257 3679 391 3745 Cuiodre
412 3682 532 3746 nomine
560 3682 685 3766 ignotae
713 3681 831 3748 lnhulae
860 3682 1017 3749 adnotavit
1043 3680 1215 3764 Cornutus,

193 3783 282 3849 codd.
300 3784 419 3849 illorum
435 3785 549 3849 scholia
564 3784 706 3862 tradunt,
730 3795 764 3848 nt
782 3785 944 3870 prohetae,
968 3805 1005 3851 ca
1026 3785 1064 3850 ad
1085 3787 1217 3853 eundem

192 3896 348 3951 auctorem
371 3888 534 3953 referenda
557 3906 636 3952 esse.
668 3884 810 3952 Omnium
832 3907 906 3952 uero
928 3888 1138 3974 gravissimum
1154 3900 1213 3969 est,

193 3986 271 4070 quod
293 3999 467 4053 annotatum
488 3991 593 4054 estad
622 3986 683 4068 lx,
707 3988 759 4055 37.
797 3987 879 4054 Nam
901 4011 977 4075 quae
1004 3990 1046 4056 ihi
1074 3989 1216 4077 leguntur

192 4088 288 4153 verha
310 4088 447 4156 Graeca:
486 4089 602 4168 Adada
626 4088 693 4180 yda
719 4089 890 4180 ἐφέλκεται
915 4087 1025 4180 ἄνδρα
1050 4092 1215 4174 κίναιδος,

194 4293 206 4346 l
226 4289 279 4344 Non
299 4292 382 4344 solum
400 4293 426 4343 in
445 4292 608 4358 sangallensi
626 4305 653 4349 et
669 4297 842 4350 ldinsiedlonsi
867 4299 909 4350 hie
927 4298 982 4349 illic
1000 4298 1101 4363 glossae
1119 4299 1216 4352 Tento-

224 4363 299 4412 nicae
316 4361 461 4428 adscriptae
480 4370 557 4427 aunt,
582 4367 627 4417 aed
650 4367 676 4419 in
703 4366 878 4433 Laurentiano
896 4384 996 4435 quoqne
1014 4368 1046 4419 ad
1061 4368 1107 4433 Vl,
1127 4370 1160 4424 tt
1178 4371 1215 4422 lc·

226 4430 312 4495 gitur:
331 4433 468 4498 eapa'atro‚
486 4431 605 4499 dalfdra.
