2574 5054
126 737 225 784 uxxur
448 713 817 781 PROLEGOMENA.

127 887 244 973 prolata
266 885 467 973 supplevisse.
500 888 640 952 Affirmat
653 880 787 973 speeiem
802 884 968 951 carminum
983 882 1042 950 hoe
1057 883 1147 950 done·

127 1009 182 1068 re,
206 1010 280 1074 quae
302 1011 363 1054 nou
384 991 496 1075 impetu
519 1009 576 1054 neo
597 989 760 1068 instinctu,
783 1009 842 1053 nee
857 1008 918 1051 nuo
933 1006 988 1051 ore
1003 986 1145 1053 fluerent.

129 1088 262 1156 Videtur
284 1092 358 1157 lunen
381 1113 456 1157 sane
478 1090 610 1174 iniquior
631 1090 784 1167 uenatio,
808 1110 877 1155 uum
897 1090 1039 1176 permulti
1053 1089 1149 1174 poeti·

129 1214 194 1258 eum
210 1194 382 1259 laenitatem
399 1215 459 1257 non
480 1193 654 1257 abiudioent
672 1190 795 1256 Neroni
816 1193 872 1278 (ol.
889 1189 1034 1275 Fulgeut.
1050 1190 1146 1277 ruyth.

128 1293 187 1381 Ip.
204 1295 247 1362 27
261 1294 416 1375 Mundo).
448 1292 592 1359 Ceterum
615 1293 752 1359 iuniores
774 1304 880 1378 poetes
902 1314 970 1357 eum
987 1286 1148 1377 collegisse

129 1410 231 1463 notum
256 1409 324 1478 est,
354 1418 480 1482 quorum
500 1397 533 1460 in
555 1416 681 1461 numero
704 1397 828 1462 luerunt
847 1394 1012 1475 Lucanus,
1039 1393 1149 1459 Nerua

128 1499 238 1586 (Mart.
256 1498 315 1579 lx,
331 1499 385 1581 26,
402 1499 423 1566 9
437 1499 522 1583 sp),
546 1509 579 1563 et
600 1499 666 1563 eius
682 1497 850 1583 exemplum
865 1499 1002 1583 poetioao
1018 1498 1147 1562 studium

128 1603 206 1689 opud
230 1604 337 1666 multos
360 1622 545 1688 provocasse
569 1612 805 1666 consentaneum
833 1612 897 1679 est,
920 1611 954 1664 nt
974 1601 1011 1663 de
1028 1596 1147 1663 Seneca

129 1717 235 1769 narrat
258 1705 385 1769 Tacitus
408 1699 515 1789 (XIV,
532 1703 602 1787 52).
645 1702 733 1768 Haud
762 1724 857 1789 penos
880 1703 1004 1767 diversa
1025 1702 1150 1787 generis

129 1806 263 1872 earmina
286 1808 471 1892 composuit,
495 1808 577 1872 iuter
600 1827 676 1890 quae
699 1807 824 1872 inerunt
845 1805 933 1869 etium
949 1825 1042 1888 pereo
1058 1823 1150 1888 qnae·

129 1909 196 1972 dum
217 1909 330 1973 lascive
355 1921 386 1974 et
404 1908 519 1974 ludione
541 1909 598 1992 (oi.
620 1906 703 1972 Plin.
728 1929 797 1992 epp.
819 1906 858 1987 V,
875 1906 908 1987 3,
924 1904 957 1972 6.
974 1904 1069 1971 Mart.
1087 1906 1110 1970 l.
1125 1906 1147 1969 Ι.

130 2012 169 2074 οἰ.
189 2008 275 2089 Vlll,
292 2010 345 2090 7⁰,
360 2011 409 2093 8).
447 2012 496 2075 Ad
513 2032 551 2075 ea
565 2010 675 2076 referri
690 2031 780 2096 posse
794 2009 916 2075 videtur
937 2009 1015 2092 quod
1031 2006 1149 2072 Plinius

130 2113 204 2176 dicit
219 2110 411 2196 (XXXVII,
428 2113 460 2194 3,
479 2111 557 2195 tut:
590 2111 746 2176 Domitius
765 2111 855 2178 Nero
877 2115 909 2176 ιἰι
931 2112 1045 2176 eeten‘s
1067 2111 1149 2173 vitae

128 2236 205 2279 suae
223 2217 379 2302 portentis
402 2216 535 2302 capillos
556 2234 678 2300 qaoque
704 2216 853 2301 coniugis
878 2234 956 2278 suae
983 2212 1150 2298 Poppaeae

130 2320 162 2380 in
184 2318 373 2382 incitamen
396 2317 620 2402 adoptaverat,
649 2315 782 2402 quodam
809 2318 901 2380 otiam
923 2317 1062 2380 σσσιιιίιιο
1082 2335 1149 2377 ονο-

130 2421 202 2483 crisa
223 2418 421 2506 appellando.
447 2417 652 2483 Lusoivientis
667 2419 758 2482 animi
774 2420 894 2482 fuerunt
909 2419 998 2483 etiam
1015 2418 1150 2482 earmina

130 2522 295 2606 probrose,
319 2521 425 2605 quibus
446 2519 616 2585 Pollionem
637 2518 742 2602 (Suet.
759 2519 850 2585 Dour.
869 2519 924 2603 1),
954 2530 987 2584 et
1008 2517 1150 2602 Quintiu-

131 2645 219 2703 num,
241 2625 360 2689 mollem
383 2625 481 2689 virum
504 2622 601 2706 (Tuo.
624 2621 709 2685 Αιιιι.
732 2618 808 2700 XV,
825 2620 882 2704 49)
905 2622 1068 2708 proscidit,
1093 2642 1150 2704 qno

31 2810 32 2815 ρ
130 2724 264 2811 pertinet
293 2726 370 2809 quod
399 2726 523 2790 tradidit
551 2722 718 2789 Suetonius
741 2723 838 2808 (Ner.
861 2724 938 2808 24)=
973 2724 1152 2810 Aurigaoit

130 2832 251 2913 qaoque
266 2827 494 2912 plausoriam,
531 2829 683 2916 Olympiis
712 2848 784 2893 uero
813 2829 905 2890 etiam
927 2825 1147 2912 daeemiugem,

131 2930 269 3015 ριισοιοῖο
296 2930 333 2993 id
359 2933 457 3015 ι’μειιιιι
487 2934 518 2995 ia
546 2952 625 3018 rege
645 2928 837 2995 Mithridate
858 2929 995 2993 οσνισίιιο
1016 2928 1151 3014 quodam

129 3051 186 3094 aaa
208 3031 469 3116 reprehendisset.
500 3032 655 3098 Permulta
671 3033 823 3111 earmina,
848 3051 923 3115 quae
944 3031 981 3094 ud
1005 3031 1151 3096 eithursuu

130 3134 251 3213 eeoinit,
268 3133 332 3218 ipse
348 3135 469 3198 videtur
484 3136 698 3221 composuisse.
721 3133 836 3198 Locum
845 3132 1022 3197 Philostrati
1032 3132 1151 3217 (Apoll.

131 3233 231 3322 Tyuu.
247 3233 306 3313 IV,
324 3234 381 3318 39)
406 3238 594 3317 sdseribum,
619 3239 669 3320 qui
691 3237 801 3315 docet,
824 3246 935 3319 quanto
957 3245 1029 3299 tuno
1049 3236 1152 3300 studio

132 3338 266 3401 earmina
288 3339 354 3403 eius
376 3349 500 3423 acceptu
515 3341 587 3404 sint.
618 3335 694 3407 'Eud
717 3338 832 3424 ιιοῑμον
855 3343 987 3425 ἔρχεται
1000 3333 1152 3423 μεθύων

130 3434 335 3526 ἅνθρωπος,
360 3434 420 3508 οὐκ
436 3435 598 3527 σ’γροιιιῶς
612 3441 674 3525 τῆς
694 3441 809 3528 φωνῆς
830 3444 939 3529 ἔχων*
962 3433 1093 3529 περιῄει
1114 3437 1153 3507 dl

131 3535 199 3625 ὅροι
229 3538 336 3631 κύκλῳ
366 3540 432 3629 τήν
460 3539 594 3629 Ῥώμην
622 3542 736 3632 ᾅδων
767 3538 817 3610 ud
845 3542 919 3609 τοῦ
944 3540 1153 3625 Νέρωνος

129 3643 236 3731 μέλη
257 3645 314 3713 aul
342 3645 611 3733 μεμισθωμένος
638 3645 750 3713 τοῦτο.
778 3681 822 3692 -
849 3637 1154 3731 Ἀνοβσλλόμενος

131 3741 192 3814 οὖν
223 3744 313 3822 ὅπως
342 3746 456 3815 εἰώθει
483 3748 539 3816 soi
566 3744 700 3836 βραχύν
728 3744 908 3821 διεξελθών
939 3740 1053 3831 ὕμνον
1089 3748 1154 3812 τοῦ

131 3847 314 3934 Νέρωνος,
336 3854 438 3937 ἐπῆγε
459 3849 547 3935 μέλη
567 3847 609 3916 eol
631 3853 699 3935 μὲν
720 3852 752 3925 ἐξ
774 3844 977 3936 Ὀρεστείας,
1000 3845 1042 3914 ed
1065 3845 1103 3916 di
1118 3851 1153 3924 ἐξ

130 3942 342 4036 Ἀντιγόνης,
370 3949 412 4020 uui
443 3949 478 4018 δ’
497 3947 628 4020 ὁπόθεν
656 3952 742 4038 γοῦν
768 3952 835 4018 τοῖν
861 3948 1153 4038 τρογῳδονμένων

133 4048 238 4140 atiud·
261 4057 318 4120 nul
332 4047 420 4143 pidoic
434 4058 631 4142 ἔκαμπτεν,
654 4050 784 4128 ὁπόσος
799 4051 923 4139 Νέρων
938 4050 1065 4138 &lipsii
1085 4062 1097 4096 ¹
1115 4078 1153 4120 ss

132 4154 191 4253 nod¹
209 4146 316 4230 ιιοικοῖς
336 4160 513 4241 ἔστρεφεν*
536 4150 720 4243 σι’ργόοερον
742 4155 777 4224 di
801 4150 1031 4241 οιίιροωμένων
1053 4148 1155 4241 ὁμὲν

133 4251 337 4343 ἀσεβεῖσθαι
352 4257 498 4342 Νέρωνα
518 4253 580 4326 ὑπ’
596 4253 868 4347 αὐτῶνζέφασνε,
890 4258 946 4326 καὶ
967 4254 1156 4344 πολεμίους

136 4412 148 4464 l
168 4410 209 4464 Cf.
229 4411 299 4466 Pers.
318 4384 339 4474 l,
359 4415 407 4468 352
426 4419 518 4467 tenero
536 4415 698 4481 sapplantat
714 4416 792 4468 eorda
807 4413 913 4482 palato·
964 4446 968 4453 ·
