2574 5054
348 765 481 831 acuon.
496 749 551 831 ἰιι
566 765 652 832 sus.
668 768 692 843 1,
705 771 855 836 ιιι-ιιι
1042 766 1108 837 aaa

84 938 191 1020 scripta
211 958 264 1000 sna
285 958 393 1002 canore
414 940 495 1002 vocis
514 937 773 1014 commendantem,
801 936 1017 1021 condignitate
1038 962 1104 1005 can·

84 1044 179 1084 manns.
303 1046 315 1064 ·

169 1113 222 1173 90.
246 1110 375 1181 Verum,
397 1130 452 1171 nec
465 1119 549 1171 nocte
558 1121 711 1191 paratum.
743 1111 853 1170 Veram
869 1131 968 1172 nomen
984 1131 1037 1191 pro
1050 1111 1104 1175 ad·

83 1193 183 1256 verbio
205 1213 275 1254 oere
296 1197 405 1274 posuit,
429 1195 484 1256 boc
504 1207 625 1257 estnon
646 1197 801 1268 stinnlute,
824 1207 855 1256 et
869 1195 924 1257 boc
939 1194 1024 1258 dicit:
1048 1198 1102 1273 Qui

83 1289 210 1341 anstrum
226 1282 303 1359 cupit
316 1280 425 1342 elicere
440 1280 681 1355 misericordiam,
703 1302 758 1341 non
774 1293 910 1342 exerceat
924 1282 1102 1344 lamentatio-

26 1425 34 1439 ,
83 1384 148 1428 aem
163 1376 247 1426 nocte
259 1376 420 1445 puratum,
436 1367 643 1446 excogitatam,
671 1369 736 1448 qnia
749 1385 794 1426 mc
815 1386 871 1426 non
892 1368 1032 1441 inlleetet,
1054 1388 1103 1444 eo,

82 1448 258 1534 quodetiam
273 1453 349 1511 omni
364 1449 410 1511 die
426 1451 528 1524 babet,
548 1463 580 1513 et
593 1472 626 1514 se
641 1452 753 1533 plorare
768 1452 858 1531 lingit.

148 1539 221 1599 492.
243 1538 306 1596 Sed
323 1538 454 1597 numeris
477 1538 646 1598 decorent.
684 1538 814 1599 obiectio
839 1538 1005 1617 superioris.
1042 1535 1102 1600 Sed

82 1617 166 1693 vide,
180 1622 264 1701 qnia,
279 1623 304 1680 si
318 1640 419 1682 sersus
433 1621 591 1702 laevigatus
606 1625 660 1695 sit,
682 1642 737 1682 non
752 1641 806 1701 pro
820 1622 906 1683 nibilo
921 1633 976 1685 est.
1005 1623 1044 1684 llt
1057 1634 1103 1686 est

82 1705 170 1767 ordo:
191 1706 325 1767 Numeris
340 1704 435 1767 crudis
450 1704 544 1768 addita
558 1709 687 1768 iunctura
701 1706 791 1769 decor
804 1717 867 1780 cst,
882 1706 910 1767 id
925 1719 988 1782 est,
1002 1711 1102 1770 metris

82 1789 179 1852 addita
200 1793 329 1852 iunctura
349 1791 485 1853 honorem
501 1792 595 1853 affert.
625 1793 703 1872 Ergo
720 1789 949 1874 quemadmodum
965 1797 1103 1856 semicru-

82 1873 137 1937 dus
151 1876 232 1938 cibas
246 1877 356 1938 lacerat
376 1888 505 1951 mentes,
528 1879 570 1939 sie
591 1889 622 1938 et
641 1898 742 1939 versus
757 1876 933 1939 semicrudus
953 1880 1099 1942 interficit.

84 1960 251 2023 Sarcasm
280 1962 386 2023 obiicit.
425 1961 483 2024 Sed
509 1961 660 2036 videlicet,
689 1965 792 2044 inquit,
821 1974 919 2044 putant
944 1984 978 2025 se
999 1986 1101 2026 novum

35 2048 39 2056 '
83 2047 183 2109 lacere
203 2047 394 2130 decoremque
409 2048 552 2111 invenisse
566 2046 661 2110 crudis
677 2060 707 2110 et
721 2049 799 2108 duris
813 2050 960 2120 sensibus,
985 2052 1009 2110 si
1024 2071 1103 2112 eom·

82 2135 166 2214 positi
186 2134 244 2194 sint
265 2134 357 2214 aliqua
381 2134 515 2208 lenitate,
537 2145 568 2195 et
587 2136 681 2194 statim
704 2134 828 2213 legitima
851 2147 981 2212 poemata
1003 2145 1103 2216 putant

83 2237 117 2279 se
133 2217 276 2292 scribere,
291 2221 316 2278 si
330 2239 431 2281 versus
446 2216 616 2299 spondaicos
630 2230 753 2299 ponunt,
774 2217 883 2279 dnobus
899 2219 1001 2281 ultimis
1016 2241 1103 2303 apua·

83 2301 145 2365 deis
159 2303 372 2377 claudentibus,
388 2314 419 2365 ut
432 2305 569 2385 Virgilius
581 2311 611 2366 ²:

193 2391 313 2449 Cornua
328 2392 493 2450 velatarum
508 2390 685 2451 obvertimus
706 2399 915 2462 antennarum,

83 2483 115 2535 et
128 2473 269 2553 disyllabo
284 2474 411 2556 spondeo
429 2478 591 2537 terminant.

170 2562 221 2623 93.
247 2562 395 2621 Claudere
409 2563 453 2621 sic
467 2581 593 2621 omnum.
622 2560 780 2642 Hi'versus
796 2558 918 2640 exempli
933 2577 1020 2619 canna
1034 2577 1103 2638 pro·

83 2644 229 2719 feruntur,
264 2665 320 2705 non
341 2657 435 2707 autem
456 2657 523 2706 snat
550 2645 659 2719 Persii,
681 2643 734 2706 sed
762 2656 866 2726 poetae
895 2645 994 2705 neseio
1022 2647 1102 2705 cuins

82 2731 305 2809 graecissantis,
341 2733 388 2812 qni
416 2751 479 2792 eum
507 2751 586 2792 mare
616 2730 812 2803 describent,
845 2732 885 2790 ita
914 2728 986 2789 dixit
1013 2731 1102 2802 Anu,

83 2815 202 2894 nepam
223 2816 253 2875 in
274 2817 455 2877 extremitate
477 2836 626 2889 versuum,
660 2814 735 2898 quod
762 2816 844 2876 buius
871 2815 979 2875 saeculi
999 2825 1103 2893 poetae

83 2900 218 2963 affectant
231 2921 345 2961 suorum
359 2903 427 2962 vitia
448 2920 593 2963 versuum.
677 2901 999 2978 BerecyntlinsAtys.
1036 2899 1102 2960 Noa

83 2983 158 3066 quod
172 2985 247 3066 Atys
262 2984 470 3067 berecynthius
484 2988 609 3047 carmina
624 2987 772 3066 scripserit
792 2987 834 3046 sie
855 2986 1028 3063 composita,
1050 2982 1104 3044 sed

83 3090 185 3133 aomen
206 3071 263 3133 tale
285 3073 406 3151 positum
427 3091 444 3132 a
466 3082 552 3152 poeta
573 3072 621 3132 illo
645 3073 674 3131 in
696 3071 751 3130 fine
773 3089 883 3130 versus.
919 3069 1055 3130 Similiter
1073 3078 1105 3129 et

83 3156 203 3235 delprlin
224 3156 298 3217 bene
320 3167 413 3218 sonat.
442 3157 482 3218 lit
502 3156 571 3218 dicit
591 3157 644 3217 bos
667 3175 770 3217 versus
784 3154 908 3217 Neronis
923 3155 951 3214 in
966 3155 1037 3215 baec
1052 3174 1103 3214 no·

83 3243 157 3302 mina
172 3239 346 3303 desinentes.

168 3330 220 3390 94.
249 3329 294 3388 Et
320 3329 375 3407 qus·
399 3329 567 3388 romuleam
588 3325 762 3399 dirimebat,
791 3322 820 3385 id
848 3335 911 3398 est,
941 3323 1103 3405 separabat.

82 3412 227 3472 Arabntem
249 3411 319 3474 dicit
339 3412 551 3486 citharoedum,
573 3413 620 3494 qni
640 3433 658 3472 a
680 3412 780 3492 pilulis
796 3422 914 3491 captus,
939 3430 1002 3470 cnm
1017 3409 1053 3471 ab
1068 3410 1104 3470 iis

82 3497 289 3576 imperaretur,
311 3509 341 3559 nt
355 3510 492 3572 caneret,
513 3497 660 3578 delpbines
674 3507 824 3557 venerunt.
855 3496 907 3557 lllo
929 3515 962 3555 se
984 3497 1013 3555 in
1027 3514 1105 3557 mare

81 3583 254 3664 proliciens,
276 3583 311 3643 ab
326 3584 362 3645 iis
377 3595 515 3664 exceptus
530 3594 562 3644 et
575 3581 611 3644 ad
626 3583 691 3642 litus
706 3580 858 3663 perductus
874 3591 929 3641 est.

169 3671 223 3731 95.
245 3670 298 3728 Sic
312 3678 422 3729 eostam
438 3671 537 3748 longo.
579 3671 716 3742 Cortum,
738 3664 829 3728 idest
844 3665 991 3747 syllabam.
1024 3662 1105 3726 Sient

82 3751 172 3812 robur
185 3755 317 3813 carminis
332 3754 448 3816 levitate
463 3755 632 3816 eviravimns
647 3755 770 3831 linguae,
786 3750 1004 3812 intermiscendo
1018 3768 1106 3829 grae·

83 3856 134 3898 eas
156 3837 282 3917 glosulas
292 3844 333 3920 ²,
348 3839 403 3900 bac
427 3841 512 3900 etiam
533 3836 738 3899 consuetudine
760 3848 790 3898 et
811 3834 980 3916 spondeicus
1002 3854 1104 3896 versas

82 3923 250 3982 tentavimus
267 3923 383 3998 facero,
409 3922 489 3985 etde
505 3922 677 4002 longitudine
692 3923 776 3983 metri
790 3922 898 3982 heroici
913 3919 1049 4001 syllabam
1064 3920 1105 3981 ita

83 4007 292 4082 subtraximus,
314 4022 445 4090 tanquam
467 4008 503 4072 de
527 4008 701 4090 longitudine
722 4006 864 4086 Apennini
878 4008 981 4066 montis
995 4016 1105 4086 partem

84 4092 206 4175 aliquam
229 4091 418 4156 demeremus.
448 4095 497 4157 Sic
518 4095 602 4174 longo
624 4092 721 4154 versui
735 4093 755 4152 i.
771 4111 799 4152 c.
815 4092 948 4164 beroien,
969 4093 1015 4172 qui
1038 4111 1106 4171 pro·

83 4176 169 4238 linior
191 4189 253 4252 est,
276 4191 403 4253 eostam,
425 4178 453 4240 id
475 4191 520 4241 est
541 4179 698 4261 syllabam,
718 4175 916 4249 subduximus,
936 4187 967 4237 et
986 4178 1105 4238 fecimus

84 4264 241 4325 molliorem
256 4283 371 4325 versum
387 4264 603 4340 msordoltonn
610 4309 622 4340 ,
645 4275 676 4325 nt
690 4273 736 4324 est
751 4263 911 4343 Apennsiro
924 4281 980 4323 una
995 4260 1106 4346 syllaba

86 4447 101 4505 1
121 4445 195 4516 Virg.
214 4448 279 4503 Aen.
299 4445 344 4517 lll,
363 4450 423 4506 tlt.
577 4377 613 4425 υ
755 4447 946 4506 actansstasr

60 4666 357 4760 .-
