2574 5054
198 685 265 800 aas
443 732 576 798 susos.
596 733 650 799 sa
671 732 757 800 ιιι.
772 733 796 810 1.
810 736 974 801 se-ss

198 905 289 988 pbas,
304 924 378 988 qaae
392 925 457 968 snm
471 905 596 967 nutrius
611 902 749 968 dieitur1.
819 908 964 967 llrs’saeas
976 902 1058 978 idea,
1073 905 1140 986 quis
1154 903 1223 966 bac

198 993 280 1053 batus
296 991 494 1053 colitnrbiber
507 989 732 1072 patcsllrisaeus
746 993 926 1070 manamine,
940 1002 972 1054 et
985 1011 1121 1064 oenum,
1137 993 1223 1075 qnasi

198 1077 372 1158 inaequalis,
394 1075 541 1151 horridus,
575 1077 706 1137 similiter
727 1087 758 1137 et
779 1097 939 1138 verrucosa
961 1079 1116 1158 Antiopa,
1144 1096 1221 1157 qaae

197 1173 245 1224 est
258 1161 405 1241 tragoedia
421 1162 532 1222 nobilis.
595 1163 733 1234 Brisaei,
752 1162 870 1235 hirsuti,
893 1173 924 1222 et
937 1172 1091 1223 tractuma
1111 1161 1221 1223 Libero

197 1259 298 1327 patre,
318 1250 364 1327 qui
387 1249 415 1307 in
435 1247 558 1308 Graecia
581 1257 644 1319 est,
671 1247 720 1307 ubi
742 1248 804 1308 eius
828 1245 901 1308 duas
924 1257 990 1309 sant
1012 1258 1141 1319 sutnae,
1164 1267 1222 1308 naa

198 1332 323 1402 birsuta,
346 1352 418 1413 quae
439 1331 542 1392 dicitur
555 1334 692 1405 transt,
717 1333 808 1393 altera
823 1332 913 1405 levis,
935 1331 964 1392 id
984 1343 1045 1407 est,
1065 1335 1128 1395 siae
1143 1333 1222 1414 pilis,

200 1438 274 1499 qaae
290 1416 393 1478 dicitnr
406 1417 522 1478 Lenaei
528 1423 550 1477 ².
902 1460 905 1467 -

262 1509 303 1567 77
312 1523 374 1584 sqq.
386 1504 466 1562 Sunt
476 1523 548 1582 quos
555 1504 714 1575 Pacuuius,
724 1513 921 1564 etoerrucosa
930 1513 1065 1564 moretur
1070 1503 1219 1581 Antsbpa,

196 1586 301 1658 idest,
330 1587 456 1649 delectet
477 1599 507 1648 et
526 1586 663 1648 detineat.
753 1590 900 1668 Antibpa,
923 1588 1031 1668 Nyctei
1051 1588 1131 1666 regis
1152 1587 1222 1660 lilia,

197 1673 233 1733 ab
255 1673 374 1753 Epapho
394 1693 447 1753 per
468 1670 560 1732 dolum
585 1683 728 1753 stuprata,
750 1673 786 1732 ob
807 1673 862 1733 boc
883 1693 901 1734 ι
921 1675 984 1733 vira
1006 1693 1057 1732 suo
1077 1672 1160 1753 Lyca
1174 1683 1222 1734 est

196 1768 306 1838 spreta.
342 1758 418 1818 llanc
434 1759 561 1818 relictam
577 1758 703 1838 luppiter
716 1777 871 1818 convorsus
887 1760 915 1818 in
931 1769 1057 1838 satyrum
1072 1777 1223 1838 conpres-

197 1845 244 1903 sit.
273 1843 365 1902 lratus
388 1842 485 1923 Lycus
508 1843 623 1904 Dircem
638 1846 666 1902 in
686 1845 889 1903 matrimonium
912 1842 1007 1913 duxit,
1032 1845 1080 1903 cui
1093 1845 1222 1923 suspicio

196 1926 312 1998 incidit,
327 1929 417 1988 virum
432 1947 513 1988 suum
528 1948 590 1988 enm
605 1928 730 2007 Antiopa
743 1927 942 2001 concumbere,
960 1931 1055 2009 itaque
1071 1930 1223 2007 imperavit

196 2012 324 2082 famulis,
346 2023 377 2073 ut
391 2032 452 2074 eam
468 2015 591 2074 vinctam
606 2016 634 2074 in
650 2013 776 2073 tenebris
791 2010 968 2074 clauderent.
998 2011 1109 2073 Deinde
1123 2016 1224 2075 evenit

194 2108 227 2157 ut
241 2096 451 2169 includeretur,
475 2109 506 2159 ct
520 2098 641 2157 instante
656 2116 766 2177 poena,
790 2098 932 2177 Antiopae
953 2096 1081 2176 luppiter
1094 2097 1223 2176 pulcbn'·

195 2179 292 2241 tudine
314 2180 449 2243 seductus
474 2193 504 2242 et
524 2180 628 2242 ardore
643 2183 807 2243 concubitus
822 2203 885 2242 eam
908 2203 925 2241 a
948 2181 1065 2242 vinculis
1088 2181 1223 2241 liberavit

196 2276 228 2326 et
241 2268 456 2344 impraegnavit,
472 2286 510 2326 ex
525 2287 579 2346 qua
594 2266 744 2327 concubitu
760 2269 789 2326 in
804 2267 968 2346 Cytberane
988 2275 1084 2327 moute
1099 2266 1222 2327 Zetban

196 2361 228 2411 et
242 2349 428 2430 Amphione·
444 2353 623 2431 procreavit,
638 2353 684 2433 qui
700 2348 813 2411 educati
828 2371 845 2410 a
860 2350 1021 2430 pastoribus
1036 2360 1111 2410 sunt.
1140 2351 1221 2422 Quos

196 2446 344 2515 postquam
368 2447 460 2496 mater
483 2439 618 2514 cognovit
639 2437 780 2514 Antiopa,
812 2445 843 2495 ct
862 2437 905 2494 eis
934 2435 1049 2505 retulit,
1079 2431 1222 2515 quamodo

198 2521 286 2580 luerit
301 2541 316 2580 a
333 2521 419 2581 Dirce
435 2531 572 2593 tractata,
592 2521 702 2600 Lycum
717 2521 940 2592 interfecerunt,
966 2531 997 2580 et
1016 2521 1145 2579 iniuriam
1159 2516 1222 2578 Aa·

197 2606 292 2685 tiopae
315 2607 420 2666 matris
434 2606 538 2666 Dirces
554 2606 692 2686 supplicio
706 2603 929 2665 vindicaverunt.
962 2603 1034 2665 Nan
1050 2605 1087 2663 ob
1102 2600 1222 2664 crudele

196 2691 359 2763 servitium,
389 2688 462 2771 quod
486 2692 513 2751 ei
535 2692 667 2751 iuerata
690 2690 776 2750 Dirce
803 2691 978 2769 impositum,
1007 2687 1115 2750 crudeli
1136 2699 1222 2749 tauro

197 2775 340 2853 alligatam
362 2776 389 2834 in
413 2776 511 2835 silvam
534 2773 711 2835 dimiserunt.
746 2775 817 2835 ilinc
839 2776 902 2835 lons
922 2774 970 2835 ille
993 2775 1153 2854 appellatus
1174 2783 1223 2833 est

196 2861 302 2932 Dirce,
325 2861 371 2940 qui
386 2858 494 2921 'lbebis
509 2862 618 2920 vicinus
633 2872 697 2933 est,
722 2872 803 2921 etex
819 2862 882 2939 ipso
897 2860 979 2932 locs,
999 2861 1028 2919 in
1043 2880 1099 2940 qua
1114 2861 1223 2938 etipsa

196 2965 264 3007 assa
287 2945 427 3005 collocata
449 2957 516 3006 sunt
536 2945 657 3017 Dirces,
680 2947 779 3005 subtus
800 2947 901 3005 lluvius
916 2956 1040 3006 emanat.
1125 2946 1222 3004 Paca-

196 3033 262 3090 oius
278 3041 307 3090 et
322 3033 384 3110 ipse
399 3042 485 3110 poeta
501 3032 642 3109 tragicus,
658 3031 762 3109 legitur
776 3029 812 3090 ab
826 3031 897 3110 ipsis
913 3032 1051 3102 maxine,
1069 3030 1117 3110 qui
1131 3049 1223 3110 quoa·

196 3115 260 3176 dam
275 3113 392 3194 ingenio
414 3118 476 3177 eins
498 3117 626 3197 quamvis
649 3115 764 3175 borrido
784 3113 919 3177 delectati
943 3127 1025 3187 sunt3
1048 3117 1129 3175 cuius
1152 3134 1222 3175 csse

194 3203 357 3280 Autsbparu
379 3220 567 3262 verrucosara
594 3201 710 3262 Persius
733 3199 818 3273 dicit,
845 3220 918 3281 quae
946 3199 1020 3281 apud
1048 3199 1163 3260 Dirccm
1191 3201 1221 3259 ia

196 3287 329 3369 squalore
345 3288 399 3346 luit
412 3287 531 3348 servitio
546 3306 686 3366 oppressa
698 3291 721 3347 ³.
746 3289 901 3346 Verrucae
913 3285 1032 3367 papulae
1049 3286 1221 3346 eminentes.

228 3528 338 3587 musta,
358 3549 394 3560 -
412 3528 472 3574 tum
489 3525 653 3589 permiscere
671 3527 700 3574 et
710 3523 851 3574 subactam
870 3523 973 3575 bricam
986 3521 1066 3590 prelo
1077 3522 1221 3573 subiicere.

229 3590 270 3642 Cf.
286 3590 370 3643 Glaes.
388 3590 419 3642 ll.
433 3591 523 3656 Stepb.
537 3608 560 3657 p.
576 3592 644 3644 bid:
663 3586 834 3660 Στέμφυλιν,
847 3595 991 3652 amodum,
1004 3593 1120 3652 omaus,
1134 3591 1222 3641 brs'sa.

228 3659 257 3711 la
282 3660 338 3710 eud.
364 3658 424 3710 l’ar.
449 3659 572 3710 additur:
602 3658 676 3713 Unde
696 3661 800 3711 brisare
820 3661 935 3711 dicimus
956 3662 1103 3726 frangere.
1139 3658 1179 3710 la.
1203 3673 1222 3710 a

228 3726 329 3779 lanua:
355 3728 472 3792 ,‚Brs'so,
491 3730 553 3778 asi.
567 3743 591 3778 c.
606 3727 742 3792 ῐιιιςιιο,
762 3729 804 3781 vel
816 3729 975 3795 exprimere,
994 3727 1223 3793 eliserelelieese)

228 3803 256 3848 ct
273 3797 373 3847 dicitur
390 3812 405 3846 ι
424 3798 543 3848 brisin.“
579 3796 620 3848 Cl.
640 3796 768 3848 Gallicam
786 3799 883 3848 baises.

195 3863 208 3915 l
228 3864 271 3915 Ci.
290 3864 377 3933 lltym.
397 3864 434 3916 ld.
453 3879 477 3915 s.
496 3881 524 3915 v.
541 3864 649 3934 Bpiaas.

195 3932 214 3987 2
230 3933 272 3984 Gi.
292 3932 405 3985 llaerob.
425 3931 482 3984 Sat.
501 3933 521 3993 l,
535 3935 583 3986 ld:
605 3934 689 3997 „ltem
701 3933 790 3985 Liberi
802 3935 884 4001 patris
895 3933 1035 3985 simulacra
1048 3931 1142 4000 „stim
1161 3947 1223 3999 μι-

228 4001 272 4052 rili
290 4009 378 4054 aetate
396 4003 490 4068 partim
508 4003 618 4054 iuvenili
636 4003 752 4067 degunt,
771 4010 906 4070 praeterea
920 4002 1028 4053 barbata
1042 4002 1130 4068 speeie
1142 4000 1224 4052 senili

227 4067 1223 4207 ιιιιιιι’.ιιιτιιιιιιι,ι

228 4204 468 4284 lebba'Kslydp
488 4203 707 4272 indidissent
726 4205 757 4261 ἐν
777 4205 885 4279 κόραις,
914 4211 961 4260 aa
986 4196 1021 4258 ad
1048 4203 1078 4260 ἐν
1101 4201 1222 4276 didacus,

235 4270 244 4289 ’
262 4275 347 4326 iresca
367 4292 398 4326 ee
410 4280 455 4325 sal
469 4272 591 4343 Bpsaeda.

194 4341 211 4397 3
251 4346 277 4394 ie
293 4344 388 4394 tttues'e
405 4349 528 4411 corpores
547 4351 576 4400 st
592 4363 668 4400 consa
685 4350 838 4416 promissa,
858 4350 985 4414 impexa,
1003 4342 1222 4412 conglomerata,

230 4412 345 4466 tomas
361 4412 423 4465 add.
442 4415 483 4465 cd.
504 4429 543 4481 pr.
