2574 5054
185 765 247 812 m
517 742 878 810 Procedens-tta,

218 913 264 981 tv,
281 915 316 970 td
333 912 428 965 milvos
445 912 549 966 oberret
565 940 602 952 -
618 913 714 966 nllrns
731 922 804 966 orest
820 913 897 968 Rosa.

217 1001 253 1067 V,
271 1001 304 1054 97
323 998 408 1051 lacere
425 997 451 1049 id
468 997 588 1064 qood-
605 998 691 1051 dooere
708 1001 775 1068 qnod
793 1000 849 1069 rip.
867 1000 943 1054 nom.

184 1103 252 1170 aliis
269 1101 342 1165 nihil
357 1110 473 1177 restat,
496 1099 554 1163 nisi
575 1111 608 1164 ot
627 1122 798 1181 sumamus,
822 1102 851 1165 in
873 1102 977 1167 codiee
993 1103 1157 1190 archetypo
1173 1125 1210 1171 ea

185 1228 238 1272 vr.
263 1224 324 1267 non
345 1201 480 1286 potuisse
501 1200 583 1288 legi,
606 1203 657 1267 vel
683 1203 942 1288 negligentissime
963 1215 1117 1270 versatum
1141 1226 1211 1270 esse

184 1307 340 1372 librarium
351 1329 359 1366 e

219 1409 252 1473 ll,
271 1409 303 1460 63
323 1407 363 1457 dis
380 1421 413 1458 ex
430 1405 530 1456 tao-
547 1405 588 1456 dis
607 1405 655 1458 liae
673 1406 729 1475 Mp.
749 1407 826 1460 Rom.

218 1492 251 1558 ll,
270 1493 302 1546 73
321 1493 401 1560 possit
418 1490 502 1556 magni
515 1489 641 1542 Messalae
659 1519 694 1530 -
710 1495 791 1560 possit
802 1491 931 1546 Messalae
943 1493 1000 1562 ΜΡ.
1020 1494 1100 1562 possit
1115 1508 1209 1558 meana

498 1574 612 1627 Messala
628 1575 705 1628 Rom.

217 1661 251 1727 V,
270 1661 286 1715 7
305 1659 411 1712 nebnles
430 1659 551 1712 Helicona
569 1661 674 1727 legunto
691 1689 727 1699 ·-·
744 1661 852 1715 nebulus
872 1664 977 1729 legunto
994 1662 1050 1730 ttp.

135 1752 138 1757 '
218 1747 252 1813 V,
273 1748 320 1800 15⁰
340 1748 471 1798 nutrieras
489 1753 649 1814 pergent-
667 1753 774 1814 pergent
791 1747 846 1816 Mp.
866 1747 942 1800 Rom.
967 1763 1016 1799 om.
1040 1749 1207 1810 nutrierant,

496 1832 563 1899 qnod
582 1834 607 1883 ln
626 1831 702 1884 Rom.
723 1828 807 1884 adsor.
828 1834 963 1888 etmsn.

218 1918 263 1985 vl,
282 1919 299 1973 2
317 1917 416 1985 pectino
435 1917 545 1968 chordae
562 1945 597 1956 -
614 1918 715 1985 pectino
733 1917 789 1983 ΜΡ.
808 1917 883 1969 Rom.
908 1932 957 1969 om.
982 1917 1115 1983 chordas,
1140 1917 1209 1984 qnod

496 2002 521 2053 ln
540 2001 597 2069 lllp.
615 2002 702 2053 adeor.
722 2018 736 2053 s
754 2002 772 2058 2
790 2017 858 2054 nran.

219 2087 264 2152 Vl,
284 2089 317 2141 dl
335 2087 400 2153 qnod
419 2101 472 2138 rem
490 2095 558 2138 onet.
577 2087 696 2154 -qnod
714 2096 781 2139 cort.
799 2088 857 2154 Mp.
875 2086 951 2139 Rom.

191 2205 193 2209 ·
218 2171 263 2239 vt,
283 2175 316 2225 58
334 2173 415 2224 dicem
435 2178 518 2223 temen
538 2173 603 2224 eddo
621 2200 654 2213 ·-
674 2173 756 2224 dicem
775 2172 839 2225 adde
858 2173 915 2241 Mp.
933 2171 1008 2225 Rom.

269 2290 353 2356 llaec
365 2290 532 2373 composui,
548 2289 690 2375 pntidaut
700 2290 767 2355 aliis
782 2292 913 2356 lortosse
929 2289 1081 2355 videbitur
1096 2311 1170 2355 core
1181 2297 1205 2369 ¹,

183 2406 217 2461 nt
232 2395 301 2458 inde
318 2392 412 2476 qualis
434 2393 527 2463 tuerit
547 2393 660 2458 codicis
679 2393 837 2479 archetypi
851 2393 929 2457 ratio
944 2393 1087 2478 cognosci
1103 2404 1206 2475 queat.

182 2495 264 2562 Nam
286 2517 353 2560 cum
375 2495 517 2558 vitiorum
537 2495 569 2558 in
593 2496 706 2560 nostris
729 2495 819 2560 codd.
842 2494 997 2559 obviorum
1021 2497 1106 2579 largn
1121 2495 1209 2579 copia

181 2600 241 2664 iam
265 2599 370 2661 ordine
395 2596 538 2680 disposito
560 2597 616 2673 sit,
647 2596 805 2680 apparebit
831 2597 976 2681 primum,
1008 2596 1086 2680 quod
1116 2617 1208 2682 sopra

183 2701 288 2786 posui,
314 2699 403 2764 codd.
427 2697 498 2783 ΜΡ.
524 2708 555 2761 et
574 2697 664 2762 Rom.
687 2718 731 2761 ex
751 2697 859 2763 eodem
881 2700 964 2762 fonte
988 2719 1151 2776 manasse,
1176 2709 1208 2762 et

182 2801 252 2886 Mp.
276 2800 363 2884 paulo
386 2800 504 2883 quidem
526 2801 624 2864 altero
647 2800 837 2864 emendatius
864 2799 1009 2885 scriptam
1034 2820 1123 2876 esse,
1149 2819 1206 2864 nec

182 2903 309 2966 alterum
335 2924 376 2965 ex
398 2901 495 2965 altero
520 2902 702 2984 descriptum
724 2901 841 2980 rideri,
873 2912 935 2965 tnm
958 2902 1092 2966 codicem
1123 2901 1206 2966 illnm

182 3004 344 3069 maximnm
361 3015 476 3087 partem
493 3003 587 3067 verba
601 3001 704 3068 Persii
718 3002 763 3086 ito¹
777 3002 972 3082 exhibuisse,
995 3014 1029 3068 nt
1049 3024 1104 3089 per
1125 3012 1208 3069 ecte·

181 3126 235 3170 ros
258 3106 378 3171 codices
401 3104 487 3168 nobis
511 3116 634 3169 serrata
649 3116 732 3168 sunt.
763 3102 800 3168 ld
816 3105 895 3168 enim
910 3104 1070 3190 praecipue
1085 3106 1206 3190 assequi

181 3208 283 3286 volui,
309 3227 347 3270 ne
370 3207 436 3290 quis
458 3206 531 3271 vitio
554 3205 643 3271 codd.
665 3205 736 3291 Mp.
760 3206 851 3270 Bono.
875 3207 1028 3290 singulare
1051 3208 1121 3293 qnid
1136 3228 1207 3293 por·

182 3311 309 3373 tendere
326 3319 421 3392 putet.

267 3409 398 3474 Restant
413 3419 513 3475 autem
528 3409 677 3475 lectiones
692 3408 849 3494 quaedam,
866 3428 944 3492 quae
960 3429 1025 3474 cum
1043 3410 1100 3476 hoo
1116 3413 1206 3475 modo

182 3509 329 3597 explicari
345 3523 516 3594 nequeant,
539 3513 712 3577 accuratius
727 3511 934 3595 inspiciendae
948 3523 1036 3587 sunt,
1054 3524 1086 3577 et
1100 3513 1206 3577 viden·

181 3614 263 3691 dom,
281 3634 320 3676 an
337 3635 378 3678 ex
393 3613 627 3698 interpolatione
643 3625 729 3678 ortae
745 3614 818 3677 sint.
837 3612 918 3677 Nam
934 3612 964 3676 id
979 3634 1098 3699 semper
1113 3634 1206 3698 qnae-

180 3717 307 3780 rendum
331 3726 397 3795 est,
421 3717 471 3799 qui
492 3716 626 3780 codicem
650 3714 842 3794 emendavit,
866 3726 966 3779 utrum
989 3715 1153 3800 diligenter
1167 3718 1205 3782 od

181 3817 268 3882 fidem
285 3818 357 3881 boni
372 3817 504 3902 exempli
519 3817 712 3897 correxerit,
735 3837 775 3881 an
790 3818 911 3902 proprio
927 3816 1050 3901 ingenio
1073 3819 1205 3884 confisos

182 4019 196 4072 1
216 4015 334 4069 conferri
352 4024 476 4083 possunt,
500 4032 566 4084 quse
583 4017 663 4068 simili
681 4018 767 4069 studio
784 4018 913 4083 congessit
929 4015 1062 4079 Krialon,
1088 4019 1203 4087 prolege.

215 4084 248 4136 sd
274 4083 367 4135 Vellei.
394 4084 449 4136 Pal.
477 4100 500 4136 c.
519 4083 554 4137 lll
579 4103 604 4153 p.
623 4084 730 4138 cxxvi
750 4101 822 4153 sopp,
848 4086 891 4136 otti
916 4087 1014 4137 similes
1039 4087 1203 4139 libroriornn

215 4168 319 4204 errores
345 4155 472 4204 invenies.
509 4153 606 4206 Verum
648 4156 696 4205 nod
722 4156 763 4206 llic
788 4162 933 4206 eetersenn
956 4156 1030 4207 codd.
1056 4173 1103 4223 ope
1127 4157 1205 4209 lseile

215 4221 384 4272 demonstrari
410 4222 508 4288 potnit,
535 4223 559 4273 id
585 4224 611 4274 in
660 4223 737 4274 ellelo
761 4224 913 4275 coniectore
931 4225 1116 4291 assequendum
1135 4233 1201 4275 eret.

215 4291 335 4341 Ceterom
362 4306 409 4339 nort
435 4293 673 4357 sepehendorum
700 4292 837 4344 lectionum
859 4293 982 4357 originem
1010 4301 1106 4360 portem
1125 4294 1204 4345 aliter

214 4359 353 4424 explicari,
380 4364 406 4408 et
430 4359 461 4408 de
485 4361 642 4424 qnernndsm
666 4362 779 4413 veritate
803 4362 830 4412 di
862 4363 929 4412 ntarl
943 4376 1034 4429 posse,
1062 4377 1151 4414 rernm
1170 4364 1201 4414 nd

213 4442 337 4480 commem
355 4427 410 4491 rel,
431 4427 462 4480 do
479 4442 529 4494 qne
549 4428 590 4481 llo
607 4430 710 4498 opiter,
728 4432 776 4482 hoo
793 4430 846 4482 nihl
875 4428 949 4482 lacit.
