2574 5054
157 1619 301 1687 Tandem
331 1619 493 1704 aliqnando
523 1641 702 1687 oouoeruum
731 1620 804 1687 niti
835 1632 899 1699 eat,
944 1621 1023 1705 quoi
1054 1622 1104 1687 lin

71 1742 240 1824 exoptavi,
272 1751 304 1806 ut
331 1739 439 1804 librum
468 1738 546 1804 lunio
568 1739 606 1805 ad
633 1738 682 1804 'l'e
702 1740 874 1820 mitterem,
903 1741 1016 1805 amoris
1044 1740 1105 1805 mei

73 1880 148 1945 erga
163 1857 215 1924 Te
230 1869 320 1942 atque
336 1857 546 1923 venerationis
562 1858 779 1922 testimonium.
809 1856 893 1923 Nam·
914 1879 958 1923 ex
979 1878 1016 1923 eo
1032 1857 1104 1923 intio

74 1987 231 2061 tempore,
261 1997 320 2058 qno
339 1998 356 2040 a
382 1974 430 2041 To
453 1977 485 2040 in
505 1976 702 2041 seminarium
730 1975 941 2060 philologioum
961 1987 1103 2060 receptor

73 2116 156 2172 aum,
179 2115 246 2159 oum
263 2095 364 2159 statim
380 2094 599 2178 intelligerem,
624 2094 699 2159 nihil
714 2093 886 2178 exoptatius
902 2094 973 2160 mihi
988 2096 1103 2178 potuin-

73 2233 106 2278 ιο
136 2215 317 2295 contingere
347 2211 385 2276 ai
415 2205 556 2279 iudicium
586 2211 754 2277 uouendum
778 2222 810 2278 et
831 2211 992 2290 alendum,
1027 2212 1102 2279 nihil

74 2331 258 2394 fructuosius
285 2330 323 2396 ad
346 2329 443 2395 studia
470 2332 605 2413 regenda
635 2339 726 2413 atque
756 2329 983 2415 promovenda,
1014 2350 1101 2413 qnam

74 2468 213 2512 ueneram
235 2447 335 2511 Tuam
356 2459 446 2531 atque
466 2447 606 2514 subtilem
631 2445 838 2533 disciplinam,
870 2449 982 2514 nullam
1011 2468 1101 2514 oooa·

75 2566 189 2630 aionem
221 2565 308 2630 omisi
332 2565 380 2630 Te
402 2577 522 2631 rectore
547 2565 631 2632 vireo
652 2566 839 2644 exercenti,
868 2567 959 2652 idque
979 2586 1102 2652 semper

74 2685 257 2768 propositum
280 2683 388 2762 habui,
412 2695 444 2749 ut
468 2683 539 2749 Tibi
562 2694 707 2768 quantum
731 2684 796 2749 lieri
816 2695 922 2770 poaset
943 2685 1101 2750 antistare-

73 2824 150 2866 rem.
181 2800 230 2866 lta
252 2803 362 2867 iactum
385 2813 451 2881 eat,
474 2814 508 2867 ut
527 2801 577 2866 Tu
592 2822 680 2887 quem
696 2813 852 2867 strenuum
869 2813 900 2867 et
914 2803 1100 2869 indeleasum

74 2922 176 2984 vidisti
199 2942 262 2984 non
283 2922 379 2986 solum
401 2921 528 3006 publicis
549 2920 706 2985 nominarii
721 2921 992 2986 exeroitationibaa
1008 2922 1101 2987 bene·

74 3041 211 3104 volentia
234 3050 266 3105 et
287 3042 392 3105 lavore
415 3040 591 3124 arriperes,
614 3037 669 3103 aed
692 3039 772 3103 domi
794 3060 912 3124 quoquo
939 3051 1100 3125 exceptum

74 3159 213 3222 familiari
231 3159 379 3243 colloquio
396 3159 533 3223 docendo
549 3157 702 3223 mouendo
723 3157 859 3223 firmares
881 3169 912 3222 et
931 3159 969 3222 ad
993 3158 1101 3222 altiora

75 3279 281 3356 accenderes,
313 3297 370 3362 ego
399 3297 476 3342 vero
504 3296 622 3341 summo
651 3294 725 3359 erga
748 3273 796 3341 Te
819 3297 923 3343 amore
950 3277 1099 3340 afficerer.

76 3392 199 3459 Etenim
223 3418 289 3460 oum
311 3415 404 3463 verae
426 3395 582 3460 doetrinae
605 3394 692 3478 eopia
717 3404 749 3459 et
768 3394 869 3460 iudicii
891 3388 1014 3478 egregia
1035 3403 1102 3457 arte

75 3514 190 3577 exculti
212 3534 336 3580 acumen
358 3525 449 3598 atque
477 3514 629 3578 subtilitas
651 3510 772 3578 invenio
800 3513 952 3589 animum,
976 3512 1024 3593 qui
1053 3509 1102 3573 Te

74 3642 227 3715 tamquam
256 3635 424 3718 perlectum
452 3633 528 3697 artie
557 3643 683 3697 nostrae.
711 3632 884 3716 exemplum
915 3627 1099 3702 intuebatur,

74 3749 154 3813 insta
175 3751 376 3818 admiratione
398 3751 559 3836 impleret,
592 3761 652 3814 tum
680 3748 1004 3822 centumuiralem,
1035 3763 1102 3809 eum

73 3869 167 3931 animi
184 3870 349 3935 eandorem
364 3871 396 3935 iu
412 3869 461 3935 Te
477 3880 623 3955 expertus
637 3889 722 3946 aum,
745 3879 779 3932 ut
793 3868 944 3933 nerninem
961 3863 1101 3939 habeam,

74 4007 164 4068 quem
189 3987 256 4072 plus
279 3987 328 4052 Te
350 3989 482 4073 diligam.
521 3986 711 4071 Quamquam
740 3987 820 4053 enim
850 3984 1029 4049 acerrimum
1052 3978 1102 4044 'l'o

74 4128 176 4170 ranae
200 4108 394 4190 arrogantiae
417 4105 631 4191 castigatorem
654 4104 726 4170 novi
756 4106 879 4186 eiusque
908 4099 1102 4177 temeritatis,

76 4245 154 4307 qnae
176 4225 332 4310 cogitandi
354 4238 386 4291 et
406 4223 574 4309 quaerendi
594 4223 728 4288 laborem
752 4223 872 4308 lugiens
887 4221 988 4286 verbis
1004 4220 1103 4304 splen·

75 4344 155 4408 didis
175 4346 332 4429 superbit,
360 4346 512 4413 neminem
534 4343 660 4420 inveni,
689 4343 758 4426 qui,
792 4342 818 4406 si
833 4341 922 4406 modo
937 4341 1102 4425 ingenuum
