2574 5054
196 733 260 802 18⁰
387 683 389 687 '
489 737 575 800 SA'l'.
597 739 635 812 V,
656 736 933 800 AllGllbsslNTllbl.

194 908 285 981 dices,
300 926 373 969 enne
386 926 485 970 verum
493 910 578 969 enimi
585 929 700 970 sensnm
714 906 834 970 cendide
842 925 1003 988 expromam
1012 912 1052 980 (v.
1064 906 1213 978 19-29).

195 997 264 1055 Cum
284 993 359 1055 enim
380 1013 398 1054 e
418 992 539 1074 pueritia
559 998 689 1064 excessi,
709 1014 746 1055 ee
766 1005 879 1066 aetate,
903 1014 958 1073 que
978 995 1113 1062 iuvenes,
1136 992 1214 1049 nitee

195 1081 357 1159 cognitione
374 1078 517 1151 destituti,
540 1091 596 1139 tem
619 1081 705 1140 iacile
725 1083 753 1139 in
771 1083 839 1140 uitio
855 1081 1015 1149 incurrunt,
1036 1087 1103 1136 tuoe
1123 1094 1214 1135 curre

194 1186 240 1226 nne
252 1163 370 1236 tradidi,
384 1176 415 1224 et
429 1176 458 1224 ιιι
471 1176 571 1225 cuncto
586 1185 684 1226 emore
700 1186 745 1226 me
764 1165 921 1244 excepisti,
944 1175 974 1221 tu
989 1164 1106 1221 euimnm
1120 1162 1214 1220 corri-

176 1270 264 1332 pere
282 1261 313 1308 et
332 1270 351 1309 ιι
371 1251 447 1309 vitiis
463 1251 586 1310 liberare
601 1249 741 1325 docuisti;
765 1250 814 1309 tibi
833 1252 881 1309 uni
898 1247 1009 1308 deditus
1029 1266 1170 1326 nonquam
1194 1266 1213 1304 e

194 1347 224 1395 te
245 1336 383 1405 discessi,
405 1347 435 1393 et
456 1334 550 1394 studio
567 1337 641 1394 sicut
663 1338 792 1416 requiem
823 1347 915 1396 tecum
942 1333 1100 1393 eom-unia
1126 1332 1212 1390 hebui

194 1434 236 1494 (v.
253 1425 405 1493 eo-tt).
434 1419 507 1479 Nem
527 1442 564 1479 ee
586 1423 661 1480 inter
679 1442 732 1480 nos
752 1420 906 1480 concordie
929 1430 993 1492 est,
1014 1419 1039 1477 is
1057 1419 1212 1476 eui-orum

194 1525 369 1577 consensus,
383 1515 479 1564 utnon
495 1504 636 1579 dubitem,
652 1509 717 1585 quin
731 1507 869 1566 communi
882 1503 1002 1584 quodem
1014 1501 1108 1562 sidere
1124 1501 1213 1561 nauli

195 1594 251 1651 vite
273 1602 372 1650 nostre
395 1601 514 1671 regotur
535 1599 575 1663 (v.
591 1597 741 1664 ⁴5-51).
771 1592 841 1651 Cum
870 1591 1009 1650 bominum
1036 1599 1080 1648 tot
1098 1586 1213 1647 diverse

195 1675 286 1737 studio
303 1678 375 1746 siut,
397 1687 429 1734 ut
445 1696 532 1754 prove
553 1675 707 1755 cupiditate
737 1677 866 1756 plerique
889 1673 965 1735 ducti
986 1693 1064 1734 suem
1091 1674 1213 1753 quisque

195 1763 265 1821 vien
284 1759 320 1821 ed
348 1763 433 1821 vitem
450 1763 524 1823 bone
546 1761 701 1841 gerendum
721 1763 761 1821 itu
784 1773 954 1840 sequautur,
974 1772 1006 1820 ut
1022 1779 1085 1818 eom
1104 1757 1141 1817 ed
1160 1777 1213 1818 cx·

194 1858 313 1906 tremum
334 1847 479 1919 uenerint,
502 1847 646 1908 latendum
667 1850 722 1919 sit,
742 1867 776 1907 so
790 1849 873 1906 vitem
887 1844 1064 1925 perdidisse,
1087 1855 1115 1902 tu
1128 1863 1211 1923 quem

195 1934 272 1992 serio
287 1930 380 1991 studio
394 1953 476 1991 unam
491 1943 571 1993 recte
585 1931 688 2012 egendi
703 1931 803 1993 ducem
818 1933 975 2010 agnovisti,
997 1929 1212 2010 pbilosopbiem,

194 2019 256 2078 eius
275 2018 464 2096 cognitionem
488 2020 635 2078 iuvenibus
661 2019 797 2098 impertiri
825 2015 934 2077 studes.
962 2016 1050 2089 Quem
1070 2013 1135 2074 dum
1157 2014 1212 2073 eibi

194 2122 360 2181 comparere
373 2103 501 2164 homines
516 2103 619 2165 inertie
631 2102 758 2164 solotide
774 2101 821 2161 die
833 2102 862 2161 in
875 2100 950 2161 diem
963 2100 1104 2170 dillerunt,
1118 2095 1212 2159 nescii

194 2187 261 2269 quid
282 2187 389 2248 facient
403 2199 490 2249 totam
504 2192 588 2249 ritum
602 2188 722 2268 perdunt
739 2197 778 2263 (v.
794 2191 945 2258 ,ut-72).
976 2187 1123 2246 Libertate
1138 2204 1212 2264 opos

194 2284 258 2346 est,
274 2293 368 2332 veru·
383 2295 437 2333 non
452 2294 505 2346 eo,
525 2295 607 2355 qoem
620 2276 721 2354 vulgus
739 2282 858 2352 crepet,
879 2272 974 2343 civili,
995 2292 1052 2352 qna
1073 2270 1211 2350 nequissi-

195 2380 256 2418 mus
271 2379 389 2431 servus,
404 2361 429 2418 si
446 2361 534 2419 voluit
549 2359 693 2431 dominus,
709 2360 781 2419 liber
795 2360 843 2431 lit,
858 2368 889 2417 et
901 2357 1077 2437 quantumuis
1093 2357 1121 2415 ei
1135 2353 1211 2414 diffi-

194 2443 265 2515 das,
285 2447 375 2503 omnis
390 2446 459 2504 iurie
472 2448 601 2506 actiones
617 2447 756 2525 perlicere
777 2444 863 2504 iulet.
892 2442 1024 2523 Plerique
1040 2443 1156 2501 enimin
1175 2459 1211 2499 co

195 2549 265 2590 sane
280 2530 439 2589 libertatem
453 2543 576 2611 ponunt,
598 2544 630 2590 ut
642 2532 740 2592 lacere
760 2531 862 2600 liceat,
883 2528 1067 2609 quodeunque
1081 2526 1211 2586 volentes

194 2617 328 2685 iusserit,
343 2613 426 2675 modo
443 2636 478 2676 ne
491 2617 601 2694 legibus
616 2619 732 2677 vetitum
747 2617 784 2674 sit
794 2612 868 2695 qood
884 2635 940 2673 uon
960 2614 1091 2692 agnoseit
1104 2613 1212 2671 stoico·

194 2721 256 2760 rum
278 2699 406 2761 doctrine
426 2709 465 2775 (v.
482 2706 633 2782 73-90).
661 2703 739 2762 llaec
754 2702 827 2760 enin
842 2698 927 2759 docet
941 2719 996 2757 non
1008 2719 1045 2757 ex
1058 2699 1120 2757 iure
1133 2697 1211 2756 civili

194 2788 302 2866 acquiri
324 2787 500 2859 libertatem,
521 2807 619 2848 verum
640 2786 668 2846 id
682 2797 788 2846 tentum
809 2786 992 2845 succrevere
1008 2786 1113 2853 licere,
1134 2780 1211 2862 quod

194 2874 257 2952 qnis
279 2883 358 2932 recte
381 2873 479 2932 iacere
498 2874 609 2945 voleat,
630 2885 715 2952 etque
735 2891 797 2931 cum
820 2871 875 2930 buc
893 2868 1020 2929 doctrina
1035 2871 1119 2928 etiam
1134 2871 1211 2927 vitee

193 2956 372 3037 quotidianae
394 2977 463 3016 usus
484 2969 515 3017 et
532 2959 711 3037 experientia
729 2957 878 3016 concinunt
899 2962 938 3029 (v.
954 2958 1124 3026 tit—104).
1152 2953 1213 3012 lte·

194 3062 249 3123 que
269 3045 293 3101 ie
314 3040 424 3102 demum
446 3062 516 3103 vere
536 3044 608 3103 liber
625 3054 686 3114 est,
709 3043 756 3123 qui
773 3051 880 3101 rectum
901 3061 919 3101 o
939 3061 1027 3119 prero
1044 3040 1212 3098 discernere

193 3126 306 3200 didicit,
328 3139 359 3187 et
372 3126 570 3208 cupiditatibus
584 3130 704 3187 minum
718 3127 847 3187 liberavit
864 3134 903 3200 (v.
920 3128 1116 3194 lob-ild),
1136 3143 1212 3203 quae

193 3214 219 3273 si
234 3215 295 3293 quis
306 3224 426 3274 externo
438 3224 546 3273 tentum
558 3214 656 3293 specie
665 3223 813 3282 monstret,
828 3213 896 3272 vitio
904 3212 1014 3270 occulte
1030 3209 1082 3269 sub
1093 3219 1211 3288 pectore

193 3317 329 3369 aervons,
352 3300 377 3357 is
396 3319 452 3357 uon
473 3311 568 3377 potest
585 3298 658 3358 liber
676 3299 789 3369 vocari,
804 3317 897 3377 neque
910 3297 956 3376 qni
971 3297 1064 3375 alique
1076 3314 1114 3354 ex
1128 3305 1212 3373 purte

192 3385 268 3445 vitiis
288 3385 424 3443 obnoxius
441 3394 488 3444 est
508 3386 655 3464 quicquum
674 3384 721 3443 vel
741 3384 881 3441 minimum
901 3388 982 3441 recto
1004 3382 1102 3440 iecere
1116 3388 1213 3458 potest

194 3478 235 3539 (v.
255 3474 349 3531 ¹15-
361 3472 445 3539 123).
479 3469 532 3542 Qui
551 3469 624 3528 liber
645 3468 698 3527 eibi
719 3466 845 3538 videtur,
866 3468 931 3547 quia
948 3467 1065 3526 stione·
1086 3465 1211 3524 inesibus

193 3573 297 3633 perere
317 3573 372 3612 uuo
393 3555 520 3631 cogitur,
540 3555 565 3612 is
585 3556 759 3625 meminerit,
780 3572 812 3612 se
826 3553 877 3612 sub
890 3550 1070 3630 cupiditatum
1083 3551 1212 3628 turpiore

193 3640 278 3698 etiem
293 3641 360 3716 iugo
375 3641 468 3698 teneri
486 3647 525 3710 (v.
542 3641 731 3712 tte-131).
762 3638 815 3711 Qui
834 3659 852 3697 a
869 3640 981 3717 pigritia
994 3637 1125 3707 loborat,
1145 3654 1211 3694 eum

193 3725 312 3783 ιιιιιηίἰι
329 3725 438 3782 instans
454 3723 611 3783 divitiorum
626 3722 859 3803 acquirendarum
873 3743 926 3802 epe
942 3725 989 3783 vix
1004 3719 1115 3781 taudem
1132 3740 1212 3780 con·

193 3820 304 3878 moret,
328 3821 358 3868 ut
376 3810 451 3869 victe
471 3810 573 3869 inertia
596 3820 713 3869 strenue
736 3819 820 3887 egat,
850 3828 947 3868 verum
969 3807 1090 3868 eundem
1109 3803 1212 3865 blenda

193 3895 304 3953 luxuria
316 3894 436 3965 retinet,
459 3907 489 3954 et
508 3897 566 3954 vite
586 3892 734 3955 fruendum
747 3914 813 3954 esso
826 3895 963 3953 celeriter
976 3894 1102 3971 fugiente
1115 3900 1213 3951 monet

194 3988 236 4050 (r.
254 3983 443 4050 132-153).
473 3979 514 4039 ltu
532 3991 644 4039 cerunt
661 3982 689 4038 in
705 3979 817 4038 bomine
832 3977 1017 4058 cupiditates,
1039 3995 1110 4057 quae
1130 3977 1211 4056 quic·

193 4061 259 4144 quid
275 4064 344 4123 iecit
357 4061 538 4123 dominantur
553 4072 591 4138 (v.
607 4069 804 4136 loe—156),
826 4085 879 4122 nec
895 4066 995 4144 siquis
1014 4059 1125 4142 quaudo
1142 4061 1212 4121 uicit

194 4150 331 4220 animum,
351 4150 444 4207 stutim
465 4151 608 4208 servitium
628 4169 661 4209 se
677 4149 820 4209 abiecisse
837 4150 1010 4228 liberumque
1025 4149 1127 4206 linctum
1142 4165 1211 4205 esse

193 4233 341 4312 glorietur,
357 4253 420 4292 nam
435 4235 1212 4314 manentpriseeeserritutisveetigia(r.lbi-160),

194 4328 226 4377 ιιι
246 4319 355 4379 iuvenis
378 4319 426 4377 ille
446 4321 588 4390 comicus,
612 4322 658 4399 qui
680 4320 716 4379 ab
738 4321 829 4379 amice
849 4321 983 4380 exclusus
999 4321 1041 4377 ira
1056 4327 1210 4378 commotus

195 4423 333 4483 nunquam
355 4401 391 4463 ad
414 4422 477 4464 eem
498 4424 531 4464 se
547 4403 701 4465 rediturum
717 4407 834 4477 iurarit,
858 4425 922 4466 eum
936 4404 985 4465 ille
999 4423 1062 4464 eum
1077 4403 1211 4471 arcersit,

1198 4590 1286 4712 Ι
