<?xml version="1.0" encoding="UTF-8"?>
<!DOCTYPE html PUBLIC "-//W3C//DTD XHTML 1.0 Transitional//EN"
    "http://www.w3.org/TR/xhtml1/DTD/xhtml1-transitional.dtd">
<html xmlns="http://www.w3.org/1999/xhtml" xml:lang="en" lang="en">
 <head>
  <title>
</title>
<meta http-equiv="Content-Type" content="text/html;charset=utf-8" />
  <meta name='ocr-system' content='tesseract 3.04.00' />
  <meta name='ocr-capabilities' content='ocr_page ocr_carea ocr_par ocr_line ocrx_word'/>
</head>
<body>
  <div class='ocr_page' id='page_1' title='image "./satirarumliberc00jahngoog_0514.png"; bbox 0 0 2574 5054; ppageno 0'>
   <div class='ocr_carea' id='block_1_1' title="bbox 188 705 975 780">
    <p class='ocr_par' dir='ltr' id='par_1_1' title="bbox 188 705 975 780">
     <span class='ocr_line' id='line_1_1' title="bbox 188 705 975 780; baseline -0.014 -1"><span class='ocrx_word' id='word_1_1' title='bbox 188 708 254 779; x_wconf 73' lang='lat'>282</span> <span class='ocrx_word' id='word_1_2' title='bbox 426 708 560 773; x_wconf 75' lang='grc'><strong>801101..</strong></span> <span class='ocrx_word' id='word_1_3' title='bbox 581 705 635 771; x_wconf 79' lang='lat' dir='ltr'>An</span> <span class='ocrx_word' id='word_1_4' title='bbox 658 705 745 771; x_wconf 77' lang='lat' dir='ltr'>stt.</span> <span class='ocrx_word' id='word_1_5' title='bbox 768 708 803 780; x_wconf 85' lang='grc'>11,</span> <span class='ocrx_word' id='word_1_6' title='bbox 828 713 869 772; x_wconf 84' lang='grc'>17</span> <span class='ocrx_word' id='word_1_7' title='bbox 873 711 975 773; x_wconf 80' lang='lat' dir='ltr'>-2l.</span> 
     </span>
    </p>
   </div>
   <div class='ocr_carea' id='block_1_2' title="bbox 193 876 1219 1391">
    <p class='ocr_par' dir='ltr' id='par_1_2' title="bbox 193 876 1219 1391">
     <span class='ocr_line' id='line_1_2' title="bbox 280 876 1218 961; baseline -0.005 -14"><span class='ocrx_word' id='word_1_8' title='bbox 280 888 329 947; x_wconf 89' lang='grc'>17.</span> <span class='ocrx_word' id='word_1_9' title='bbox 351 884 434 943; x_wconf 80' lang='lat' dir='ltr'>Heor</span> <span class='ocrx_word' id='word_1_10' title='bbox 447 901 505 960; x_wconf 77' lang='lat' dir='ltr'>ege</span> <span class='ocrx_word' id='word_1_11' title='bbox 525 882 680 961; x_wconf 82' lang='lat' dir='ltr'>rerporrde.</span> <span class='ocrx_word' id='word_1_12' title='bbox 708 877 755 940; x_wconf 75' lang='lat' dir='ltr'>At</span> <span class='ocrx_word' id='word_1_13' title='bbox 770 899 887 940; x_wconf 81' lang='lat' dir='ltr'>rvrrnm</span> <span class='ocrx_word' id='word_1_14' title='bbox 901 876 971 941; x_wconf 77' lang='lat' dir='ltr'>«licit</span> <span class='ocrx_word' id='word_1_15' title='bbox 984 890 1070 961; x_wconf 78' lang='lat' dir='ltr'>porte</span> <span class='ocrx_word' id='word_1_16' title='bbox 1084 890 1218 942; x_wconf 81' lang='lat' dir='ltr'>rotonum</span> 
     </span>
     <span class='ocr_line' id='line_1_3' title="bbox 193 965 1217 1048; baseline -0.001 -19"><span class='ocrx_word' id='word_1_17' title='bbox 193 969 288 1030; x_wconf 86' lang='lat' dir='ltr'>tullum</span> <span class='ocrx_word' id='word_1_18' title='bbox 304 965 460 1029; x_wconf 79' lang='lat' dir='ltr'>editorem:</span> <span class='ocrx_word' id='word_1_19' title='bbox 487 965 552 1027; x_wconf 89' lang='lat' dir='ltr'>Non</span> <span class='ocrx_word' id='word_1_20' title='bbox 567 977 597 1027; x_wconf 89' lang='lat' dir='ltr'>te</span> <span class='ocrx_word' id='word_1_21' title='bbox 612 969 711 1048; x_wconf 73' lang='lat' dir='ltr'>pigent</span> <span class='ocrx_word' id='word_1_22' title='bbox 725 986 780 1025; x_wconf 92' lang='lat' dir='ltr'>uno</span> <span class='ocrx_word' id='word_1_23' title='bbox 795 965 894 1026; x_wconf 83' lang='lat' dir='ltr'>verbo.</span> <span class='ocrx_word' id='word_1_24' title='bbox 980 968 1134 1027; x_wconf 63' lang='lat' dir='ltr'>Momm</span> <span class='ocrx_word' id='word_1_25' title='bbox 1157 978 1217 1039; x_wconf 85' lang='lat' dir='ltr'>ert,</span> 
     </span>
     <span class='ocr_line' id='line_1_4' title="bbox 194 1050 1219 1134; baseline -0.003 -19"><span class='ocrx_word' id='word_1_26' title='bbox 194 1055 372 1134; x_wconf 71' lang='lat' dir='ltr'>quodecim</span> <span class='ocrx_word' id='word_1_27' title='bbox 393 1054 514 1125; x_wconf 81' lang='lat' dir='ltr'>laboro,</span> <span class='ocrx_word' id='word_1_28' title='bbox 538 1050 568 1111; x_wconf 84' lang='lat' dir='ltr'>it</span> <span class='ocrx_word' id='word_1_29' title='bbox 590 1064 651 1124; x_wconf 82' lang='lat' dir='ltr'>eut,</span> <span class='ocrx_word' id='word_1_30' title='bbox 683 1050 757 1132; x_wconf 84' lang='lat' dir='ltr'>quotl</span> <span class='ocrx_word' id='word_1_31' title='bbox 781 1062 809 1111; x_wconf 88' lang='lat' dir='ltr'>te</span> <span class='ocrx_word' id='word_1_32' title='bbox 832 1052 961 1111; x_wconf 77' lang='lat' dir='ltr'>contulo.</span> <span class='ocrx_word' id='word_1_33' title='bbox 1003 1052 1098 1112; x_wconf 84' lang='lat' dir='ltr'>lovem</span> <span class='ocrx_word' id='word_1_34' title='bbox 1129 1054 1219 1126; x_wconf 82' lang='lat' dir='ltr'>illum,</span> 
     </span>
     <span class='ocr_line' id='line_1_5' title="bbox 194 1136 1217 1221; baseline 0 -22"><span class='ocrx_word' id='word_1_35' title='bbox 194 1160 276 1221; x_wconf 81' lang='lat' dir='ltr'>quem</span> <span class='ocrx_word' id='word_1_36' title='bbox 299 1150 327 1198; x_wconf 85' lang='lat' dir='ltr'>tu</span> <span class='ocrx_word' id='word_1_37' title='bbox 350 1140 476 1218; x_wconf 81' lang='lat' dir='ltr'>postulor</span> <span class='ocrx_word' id='word_1_38' title='bbox 499 1139 584 1209; x_wconf 84' lang='lat' dir='ltr'>telio,</span> <span class='ocrx_word' id='word_1_39' title='bbox 607 1137 717 1218; x_wconf 75' lang='lat' dir='ltr'>qualern</span> <span class='ocrx_word' id='word_1_40' title='bbox 733 1157 800 1197; x_wconf 78' lang='lat' dir='ltr'>ense</span> <span class='ocrx_word' id='word_1_41' title='bbox 816 1140 921 1215; x_wconf 77' lang='lat' dir='ltr'>putent</span> <span class='ocrx_word' id='word_1_42' title='bbox 942 1136 1096 1197; x_wconf 79' lang='lat' dir='ltr'>excordem</span> <span class='ocrx_word' id='word_1_43' title='bbox 1119 1137 1217 1199; x_wconf 85' lang='lat' dir='ltr'>ettle·</span> 
     </span>
     <span class='ocr_line' id='line_1_6' title="bbox 193 1219 1219 1304; baseline -0.001 -19"><span class='ocrx_word' id='word_1_44' title='bbox 193 1235 315 1285; x_wconf 85' lang='lat' dir='ltr'>mentem</span> <span class='ocrx_word' id='word_1_45' title='bbox 335 1244 423 1298; x_wconf 82' lang='lat' dir='ltr'>eree,</span> <span class='ocrx_word' id='word_1_46' title='bbox 445 1225 493 1304; x_wconf 87' lang='lat' dir='ltr'>qui</span> <span class='ocrx_word' id='word_1_47' title='bbox 508 1225 664 1296; x_wconf 78' lang='lat' dir='ltr'>acrentint,</span> <span class='ocrx_word' id='word_1_48' title='bbox 684 1219 714 1281; x_wconf 84' lang='lat' dir='ltr'>tt</span> <span class='ocrx_word' id='word_1_49' title='bbox 736 1232 798 1294; x_wconf 88' lang='lat' dir='ltr'>ert,</span> <span class='ocrx_word' id='word_1_50' title='bbox 821 1224 868 1302; x_wconf 89' lang='lat' dir='ltr'>qui</span> <span class='ocrx_word' id='word_1_51' title='bbox 884 1224 1045 1283; x_wconf 72' lang='lat' dir='ltr'>consentiat</span> <span class='ocrx_word' id='word_1_52' title='bbox 1059 1223 1219 1284; x_wconf 78' lang='lat' dir='ltr'>huiusmodi</span> 
     </span>
     <span class='ocr_line' id='line_1_7' title="bbox 194 1310 349 1391; baseline -0.013 -21"><span class='ocrx_word' id='word_1_53' title='bbox 194 1310 349 1391; x_wconf 76' lang='lat' dir='ltr'>procilos?</span> 
     </span>
    </p>
   </div>
   <div class='ocr_carea' id='block_1_3' title="bbox 193 1406 1276 2342">
    <p class='ocr_par' dir='ltr' id='par_1_3' title="bbox 193 1406 1276 2342">
     <span class='ocr_line' id='line_1_8' title="bbox 281 1406 1218 1491; baseline -0.002 -17"><span class='ocrx_word' id='word_1_54' title='bbox 281 1415 330 1474; x_wconf 86' lang='grc'>19.</span> <span class='ocrx_word' id='word_1_55' title='bbox 355 1414 407 1471; x_wconf 83' lang='lat' dir='ltr'>Vir</span> <span class='ocrx_word' id='word_1_56' title='bbox 429 1410 540 1470; x_wconf 70' lang='lat' dir='ltr'>Sturii?</span> <span class='ocrx_word' id='word_1_57' title='bbox 574 1406 683 1468; x_wconf 81' lang='lat' dir='ltr'>Nomen</span> <span class='ocrx_word' id='word_1_58' title='bbox 706 1408 817 1481; x_wconf 85' lang='lat' dir='ltr'>lictum,</span> <span class='ocrx_word' id='word_1_59' title='bbox 840 1408 980 1489; x_wconf 84' lang='lat' dir='ltr'>quomodo</span> <span class='ocrx_word' id='word_1_60' title='bbox 1003 1430 1089 1491; x_wconf 79' lang='lat' dir='ltr'>cupre</span> <span class='ocrx_word' id='word_1_61' title='bbox 1112 1412 1218 1472; x_wconf 75' lang='lat' dir='ltr'>Neruo.</span> 
     </span>
     <span class='ocr_line' id='line_1_9' title="bbox 193 1493 1219 1577; baseline 0 -19"><span class='ocrx_word' id='word_1_62' title='bbox 193 1495 294 1558; x_wconf 78' lang='lat' dir='ltr'>Aelius</span> <span class='ocrx_word' id='word_1_63' title='bbox 313 1503 324 1537; x_wconf 89' lang='lat'>¹</span> <span class='ocrx_word' id='word_1_64' title='bbox 341 1496 436 1556; x_wconf 82' lang='lat' dir='ltr'>Stuior</span> <span class='ocrx_word' id='word_1_65' title='bbox 452 1496 479 1555; x_wconf 91' lang='lat' dir='ltr'>in</span> <span class='ocrx_word' id='word_1_66' title='bbox 495 1494 611 1556; x_wconf 80' lang='lat' dir='ltr'>luniono</span> <span class='ocrx_word' id='word_1_67' title='bbox 627 1493 730 1553; x_wconf 85' lang='lat' dir='ltr'>iudicio</span> <span class='ocrx_word' id='word_1_68' title='bbox 745 1504 776 1554; x_wconf 91' lang='lat' dir='ltr'>et</span> <span class='ocrx_word' id='word_1_69' title='bbox 791 1498 936 1554; x_wconf 76' lang='lat' dir='ltr'>consortio</span> <span class='ocrx_word' id='word_1_70' title='bbox 951 1493 1041 1568; x_wconf 79' lang='lat' dir='ltr'>sedit,</span> <span class='ocrx_word' id='word_1_71' title='bbox 1067 1499 1114 1577; x_wconf 81' lang='lat' dir='ltr'>qul</span> <span class='ocrx_word' id='word_1_72' title='bbox 1128 1516 1219 1577; x_wconf 76' lang='lat' dir='ltr'>pecu·</span> 
     </span>
     <span class='ocr_line' id='line_1_10' title="bbox 194 1577 1276 1663; baseline 0 -21"><span class='ocrx_word' id='word_1_73' title='bbox 194 1584 266 1642; x_wconf 83' lang='lat' dir='ltr'>nium</span> <span class='ocrx_word' id='word_1_74' title='bbox 282 1602 299 1641; x_wconf 86' lang='lat' dir='ltr'>o</span> <span class='ocrx_word' id='word_1_75' title='bbox 315 1602 366 1642; x_wconf 93' lang='lat' dir='ltr'>rco</span> <span class='ocrx_word' id='word_1_76' title='bbox 382 1592 412 1641; x_wconf 88' lang='lat' dir='ltr'>et</span> <span class='ocrx_word' id='word_1_77' title='bbox 426 1591 595 1641; x_wconf 84' lang='lat' dir='ltr'>nccusutore</span> <span class='ocrx_word' id='word_1_78' title='bbox 611 1584 741 1658; x_wconf 76' lang='lat' dir='ltr'>occepit,</span> <span class='ocrx_word' id='word_1_79' title='bbox 764 1577 933 1661; x_wconf 69' lang='lat' dir='ltr'>decepitque</span> <span class='ocrx_word' id='word_1_80' title='bbox 956 1590 1116 1663; x_wconf 82' lang='lat' dir='ltr'>utrumqne.</span> <span class='ocrx_word' id='word_1_81' title='bbox 1146 1582 1219 1642; x_wconf 73' lang='lat' dir='ltr'>Erat</span> <span class='ocrx_word' id='word_1_82' title='bbox 1274 1584 1276 1591; x_wconf 87' lang='lat'>&#39;</span> 
     </span>
     <span class='ocr_line' id='line_1_11' title="bbox 193 1664 1220 1746; baseline -0.001 -17"><span class='ocrx_word' id='word_1_83' title='bbox 193 1687 266 1746; x_wconf 73' lang='lat' dir='ltr'>ergo</span> <span class='ocrx_word' id='word_1_84' title='bbox 280 1670 355 1727; x_wconf 84' lang='lat' dir='ltr'>inter</span> <span class='ocrx_word' id='word_1_85' title='bbox 371 1667 534 1727; x_wconf 78' lang='lat' dir='ltr'>notissimoe</span> <span class='ocrx_word' id='word_1_86' title='bbox 549 1667 641 1725; x_wconf 85' lang='lat' dir='ltr'>civer.</span> <span class='ocrx_word' id='word_1_87' title='bbox 671 1664 773 1724; x_wconf 81' lang='lat' dir='ltr'>Potest</span> <span class='ocrx_word' id='word_1_88' title='bbox 787 1665 872 1744; x_wconf 81' lang='lat' dir='ltr'>igitur</span> <span class='ocrx_word' id='word_1_89' title='bbox 886 1666 1012 1744; x_wconf 80' lang='lat' dir='ltr'>luppiter</span> <span class='ocrx_word' id='word_1_90' title='bbox 1026 1667 1073 1726; x_wconf 77' lang='lat' dir='ltr'>rel</span> <span class='ocrx_word' id='word_1_91' title='bbox 1087 1667 1142 1728; x_wconf 74' lang='lat' dir='ltr'>hoc</span> <span class='ocrx_word' id='word_1_92' title='bbox 1158 1687 1220 1728; x_wconf 84' lang='lat' dir='ltr'>me·</span> 
     </span>
     <span class='ocr_line' id='line_1_12' title="bbox 194 1747 1220 1831; baseline 0.002 -19"><span class='ocrx_word' id='word_1_93' title='bbox 194 1753 249 1812; x_wconf 92' lang='lat' dir='ltr'>lior</span> <span class='ocrx_word' id='word_1_94' title='bbox 262 1751 374 1812; x_wconf 76' lang='lat' dir='ltr'>viderit</span> <span class='ocrx_word' id='word_1_95' title='bbox 402 1754 447 1812; x_wconf 80' lang='lat' dir='ltr'>An</span> <span class='ocrx_word' id='word_1_96' title='bbox 463 1753 547 1811; x_wconf 83' lang='lat' dir='ltr'>etiem</span> <span class='ocrx_word' id='word_1_97' title='bbox 562 1752 590 1810; x_wconf 92' lang='lat' dir='ltr'>in</span> <span class='ocrx_word' id='word_1_98' title='bbox 606 1750 660 1810; x_wconf 80' lang='lat' dir='ltr'>lune</span> <span class='ocrx_word' id='word_1_99' title='bbox 676 1747 803 1821; x_wconf 77' lang='lat' dir='ltr'>dubitus,</span> <span class='ocrx_word' id='word_1_100' title='bbox 826 1753 889 1831; x_wconf 88' lang='lat' dir='ltr'>quir</span> <span class='ocrx_word' id='word_1_101' title='bbox 912 1753 1004 1831; x_wconf 77' lang='lat' dir='ltr'>posuit</span> <span class='ocrx_word' id='word_1_102' title='bbox 1017 1753 1117 1812; x_wconf 88' lang='lat' dir='ltr'>melior</span> <span class='ocrx_word' id='word_1_103' title='bbox 1130 1752 1220 1815; x_wconf 84' lang='lat' dir='ltr'>inlex</span> 
     </span>
     <span class='ocr_line' id='line_1_13' title="bbox 194 1833 1221 1918; baseline 0.003 -21"><span class='ocrx_word' id='word_1_104' title='bbox 194 1857 278 1908; x_wconf 76' lang='lat' dir='ltr'>eree,</span> <span class='ocrx_word' id='word_1_105' title='bbox 307 1837 433 1916; x_wconf 82' lang='lat' dir='ltr'>luppiter</span> <span class='ocrx_word' id='word_1_106' title='bbox 451 1855 487 1895; x_wconf 78' lang='lat' dir='ltr'>en</span> <span class='ocrx_word' id='word_1_107' title='bbox 511 1836 627 1896; x_wconf 71' lang='lat' dir='ltr'>Staius?</span> <span class='ocrx_word' id='word_1_108' title='bbox 655 1835 699 1895; x_wconf 79' lang='lat' dir='ltr'>An</span> <span class='ocrx_word' id='word_1_109' title='bbox 722 1834 814 1895; x_wconf 81' lang='lat' dir='ltr'>adhuc</span> <span class='ocrx_word' id='word_1_110' title='bbox 837 1833 946 1896; x_wconf 75' lang='lat' dir='ltr'>dubites</span> <span class='ocrx_word' id='word_1_111' title='bbox 966 1837 1013 1896; x_wconf 88' lang='lat' dir='ltr'>vel</span> <span class='ocrx_word' id='word_1_112' title='bbox 1036 1836 1117 1897; x_wconf 88' lang='lat' dir='ltr'>Stnio</span> <span class='ocrx_word' id='word_1_113' title='bbox 1132 1859 1221 1918; x_wconf 79' lang='lat' dir='ltr'>prae·</span> 
     </span>
     <span class='ocr_line' id='line_1_14' title="bbox 194 1920 1219 2002; baseline 0.002 -20"><span class='ocrx_word' id='word_1_114' title='bbox 194 1943 303 2002; x_wconf 82' lang='lat' dir='ltr'>ponere</span> <span class='ocrx_word' id='word_1_115' title='bbox 326 1922 441 1983; x_wconf 71' lang='lat' dir='ltr'>lovem?</span> <span class='ocrx_word' id='word_1_116' title='bbox 469 1920 618 2000; x_wconf 66' lang='lat' dir='ltr'>tetigerint</span> <span class='ocrx_word' id='word_1_117' title='bbox 634 1923 760 2001; x_wconf 78' lang='lat' dir='ltr'>quemvis</span> <span class='ocrx_word' id='word_1_118' title='bbox 780 1924 948 2000; x_wconf 78' lang='lat' dir='ltr'>pectinum,</span> <span class='ocrx_word' id='word_1_119' title='bbox 971 1922 1017 1981; x_wconf 87' lang='lat' dir='ltr'>cui</span> <span class='ocrx_word' id='word_1_120' title='bbox 1032 1921 1119 1983; x_wconf 80' lang='lat' dir='ltr'>lncur</span> <span class='ocrx_word' id='word_1_121' title='bbox 1135 1936 1219 1984; x_wconf 78' lang='lat' dir='ltr'>eute-</span> 
     </span>
     <span class='ocr_line' id='line_1_15' title="bbox 195 2005 1220 2088; baseline 0.004 -22"><span class='ocrx_word' id='word_1_122' title='bbox 195 2005 352 2088; x_wconf 81' lang='lat' dir='ltr'>ponendum</span> <span class='ocrx_word' id='word_1_123' title='bbox 368 2007 462 2067; x_wconf 82' lang='lat' dir='ltr'>lovem</span> <span class='ocrx_word' id='word_1_124' title='bbox 478 2009 562 2067; x_wconf 85' lang='lat' dir='ltr'>enimi</span> <span class='ocrx_word' id='word_1_125' title='bbox 577 2006 713 2066; x_wconf 80' lang='lat' dir='ltr'>bonitate.</span> <span class='ocrx_word' id='word_1_126' title='bbox 740 2005 891 2066; x_wconf 76' lang='lat' dir='ltr'>*Staius</span> <span class='ocrx_word' id='word_1_127' title='bbox 914 2017 1032 2067; x_wconf 81' lang='lat' dir='ltr'>nutem</span> <span class='ocrx_word' id='word_1_128' title='bbox 1061 2020 1220 2087; x_wconf 73' lang='lat' dir='ltr'>praetor</span> 
     </span>
     <span class='ocr_line' id='line_1_16' title="bbox 193 2090 1219 2174; baseline 0.003 -21"><span class='ocrx_word' id='word_1_129' title='bbox 193 2092 398 2153; x_wconf 79' lang='lat' dir='ltr'>tutelarum</span> <span class='ocrx_word' id='word_1_130' title='bbox 417 2092 532 2163; x_wconf 73' lang='lat' dir='ltr'>lluit,</span> <span class='ocrx_word' id='word_1_131' title='bbox 556 2090 668 2150; x_wconf 84' lang='lat' dir='ltr'>Gutta</span> <span class='ocrx_word' id='word_1_132' title='bbox 689 2090 1219 2174; x_wconf 74' lang='lat' dir='ltr'>etAlbun³etcooteriprre·</span> 
     </span>
     <span class='ocr_line' id='line_1_17' title="bbox 194 2173 1219 2257; baseline 0.004 -21"><span class='ocrx_word' id='word_1_133' title='bbox 194 2179 315 2257; x_wconf 78' lang='lat' dir='ltr'>positi</span> <span class='ocrx_word' id='word_1_134' title='bbox 343 2173 694 2249; x_wconf 75' lang='lat' dir='ltr'>lueruntiutlicec,</span> <span class='ocrx_word' id='word_1_135' title='bbox 730 2176 786 2255; x_wconf 90' lang='lat' dir='ltr'>qui</span> <span class='ocrx_word' id='word_1_136' title='bbox 824 2177 860 2235; x_wconf 92' lang='lat' dir='ltr'>in</span> <span class='ocrx_word' id='word_1_137' title='bbox 890 2176 1045 2237; x_wconf 79' lang='lat' dir='ltr'>luniauo</span> <span class='ocrx_word' id='word_1_138' title='bbox 1072 2177 1219 2240; x_wconf 79' lang='lat' dir='ltr'>iudicio</span> 
     </span>
     <span class='ocr_line' id='line_1_18' title="bbox 195 2260 975 2342; baseline -0.004 -20"><span class='ocrx_word' id='word_1_139' title='bbox 195 2262 381 2341; x_wconf 80' lang='lat' dir='ltr'>corrupti,</span> <span class='ocrx_word' id='word_1_140' title='bbox 406 2262 645 2342; x_wconf 81' lang='lat' dir='ltr'>Oppirnicnm</span> <span class='ocrx_word' id='word_1_141' title='bbox 666 2260 975 2321; x_wconf 75' lang='lat' dir='ltr'>damnaverunt&#39;</span> 
     </span>
    </p>
   </div>
   <div class='ocr_carea' id='block_1_4' title="bbox 194 2361 1220 2614">
    <p class='ocr_par' dir='ltr' id='par_1_4' title="bbox 194 2361 1220 2614">
     <span class='ocr_line' id='line_1_19' title="bbox 279 2361 1220 2443; baseline -0.001 -16"><span class='ocrx_word' id='word_1_142' title='bbox 279 2368 332 2427; x_wconf 74' lang='lat'>21.</span> <span class='ocrx_word' id='word_1_143' title='bbox 353 2366 417 2424; x_wconf 85' lang='lat' dir='ltr'>Hoc</span> <span class='ocrx_word' id='word_1_144' title='bbox 431 2365 543 2443; x_wconf 79' lang='lat' dir='ltr'>igitur,</span> <span class='ocrx_word' id='word_1_145' title='bbox 561 2383 616 2442; x_wconf 83' lang='lat' dir='ltr'>quo</span> <span class='ocrx_word' id='word_1_146' title='bbox 631 2371 664 2422; x_wconf 82' lang='lat' dir='ltr'>tu</span> <span class='ocrx_word' id='word_1_147' title='bbox 677 2363 766 2423; x_wconf 79' lang='lat' dir='ltr'>Iouir.</span> <span class='ocrx_word' id='word_1_148' title='bbox 793 2361 903 2423; x_wconf 76' lang='lat' dir='ltr'>Sensus</span> <span class='ocrx_word' id='word_1_149' title='bbox 918 2374 981 2424; x_wconf 80' lang='lat' dir='ltr'>est:</span> <span class='ocrx_word' id='word_1_150' title='bbox 998 2362 1029 2422; x_wconf 90' lang='lat' dir='ltr'>Si</span> <span class='ocrx_word' id='word_1_151' title='bbox 1045 2364 1093 2425; x_wconf 89' lang='lat' dir='ltr'>ille</span> <span class='ocrx_word' id='word_1_152' title='bbox 1109 2363 1220 2438; x_wconf 72' lang='lat' dir='ltr'>Staius,</span> 
     </span>
     <span class='ocr_line' id='line_1_20' title="bbox 194 2447 1220 2526; baseline 0.002 -17"><span class='ocrx_word' id='word_1_153' title='bbox 194 2469 344 2509; x_wconf 76' lang='lat' dir='ltr'>comessor</span> <span class='ocrx_word' id='word_1_154' title='bbox 359 2451 478 2509; x_wconf 88' lang='lat' dir='ltr'>omnium</span> <span class='ocrx_word' id='word_1_155' title='bbox 494 2449 702 2519; x_wconf 85' lang='lat' dir='ltr'>innocentium,</span> <span class='ocrx_word' id='word_1_156' title='bbox 724 2467 777 2506; x_wconf 91' lang='lat' dir='ltr'>non</span> <span class='ocrx_word' id='word_1_157' title='bbox 800 2457 895 2526; x_wconf 80' lang='lat' dir='ltr'>potest</span> <span class='ocrx_word' id='word_1_158' title='bbox 909 2449 970 2508; x_wconf 86' lang='lat' dir='ltr'>sine</span> <span class='ocrx_word' id='word_1_159' title='bbox 985 2447 1130 2509; x_wconf 76' lang='lat' dir='ltr'>iracundia</span> <span class='ocrx_word' id='word_1_160' title='bbox 1144 2450 1220 2512; x_wconf 76' lang='lat' dir='ltr'>hoec</span> 
     </span>
     <span class='ocr_line' id='line_1_21' title="bbox 195 2531 1071 2614; baseline 0 -19"><span class='ocrx_word' id='word_1_161' title='bbox 195 2554 228 2595; x_wconf 82' lang='lat' dir='ltr'>se</span> <span class='ocrx_word' id='word_1_162' title='bbox 243 2535 432 2614; x_wconf 74' lang='lat' dir='ltr'>postulantem</span> <span class='ocrx_word' id='word_1_163' title='bbox 448 2532 565 2606; x_wconf 75' lang='lat' dir='ltr'>audire,</span> <span class='ocrx_word' id='word_1_164' title='bbox 586 2531 637 2592; x_wconf 83' lang='lat' dir='ltr'>sed</span> <span class='ocrx_word' id='word_1_165' title='bbox 653 2534 745 2592; x_wconf 76' lang='lat' dir='ltr'>stetim</span> <span class='ocrx_word' id='word_1_166' title='bbox 762 2531 846 2593; x_wconf 82' lang='lat' dir='ltr'>dicit:</span> <span class='ocrx_word' id='word_1_167' title='bbox 876 2536 1071 2613; x_wconf 79' lang='lat' dir='ltr'>Oleppt‘terl</span> 
     </span>
    </p>
   </div>
   <div class='ocr_carea' id='block_1_5' title="bbox 192 2634 1221 3316">
    <p class='ocr_par' dir='ltr' id='par_1_5' title="bbox 192 2634 1221 3316">
     <span class='ocr_line' id='line_1_22' title="bbox 280 2634 1221 2715; baseline -0.003 -15"><span class='ocrx_word' id='word_1_168' title='bbox 280 2640 332 2700; x_wconf 79' lang='lat'>23.</span> <span class='ocrx_word' id='word_1_169' title='bbox 355 2638 400 2697; x_wconf 80' lang='lat' dir='ltr'>Ar</span> <span class='ocrx_word' id='word_1_170' title='bbox 419 2656 453 2696; x_wconf 85' lang='lat' dir='ltr'>re</span> <span class='ocrx_word' id='word_1_171' title='bbox 474 2655 532 2696; x_wconf 82' lang='lat' dir='ltr'>non</span> <span class='ocrx_word' id='word_1_172' title='bbox 553 2637 691 2715; x_wconf 81' lang='lat' dir='ltr'>luppiter</span> <span class='ocrx_word' id='word_1_173' title='bbox 713 2637 838 2696; x_wconf 80' lang='lat' dir='ltr'>clamet?</span> <span class='ocrx_word' id='word_1_174' title='bbox 869 2634 1060 2697; x_wconf 78' lang='lat' dir='ltr'>huiuscemodi</span> <span class='ocrx_word' id='word_1_175' title='bbox 1090 2657 1146 2697; x_wconf 87' lang='lat' dir='ltr'>non</span> <span class='ocrx_word' id='word_1_176' title='bbox 1174 2638 1221 2697; x_wconf 92' lang='lat' dir='ltr'>in·</span> 
     </span>
     <span class='ocr_line' id='line_1_23' title="bbox 194 2720 1220 2801; baseline 0.001 -19"><span class='ocrx_word' id='word_1_177' title='bbox 194 2720 343 2801; x_wconf 76' lang='lat' dir='ltr'>dignetur,</span> <span class='ocrx_word' id='word_1_178' title='bbox 373 2742 430 2782; x_wconf 89' lang='lat' dir='ltr'>nun</span> <span class='ocrx_word' id='word_1_179' title='bbox 459 2721 620 2781; x_wconf 75' lang='lat' dir='ltr'>obtestetur</span> <span class='ocrx_word' id='word_1_180' title='bbox 648 2723 826 2781; x_wconf 73' lang='lat' dir='ltr'>maiestatem</span> <span class='ocrx_word' id='word_1_181' title='bbox 849 2723 967 2781; x_wconf 87' lang='lat' dir='ltr'>numinir</span> <span class='ocrx_word' id='word_1_182' title='bbox 991 2724 1049 2794; x_wconf 81' lang='lat' dir='ltr'>soi,</span> <span class='ocrx_word' id='word_1_183' title='bbox 1078 2720 1220 2783; x_wconf 78' lang='lat' dir='ltr'>dicendo:</span> 
     </span>
     <span class='ocr_line' id='line_1_24' title="bbox 197 2805 1220 2888; baseline 0 -20"><span class='ocrx_word' id='word_1_184' title='bbox 197 2809 400 2886; x_wconf 78' lang='lat' dir='ltr'>Oluppiter?</span> <span class='ocrx_word' id='word_1_185' title='bbox 427 2805 467 2867; x_wconf 79' lang='lat' dir='ltr'>At</span> <span class='ocrx_word' id='word_1_186' title='bbox 488 2805 584 2867; x_wconf 76' lang='lat' dir='ltr'>Staius</span> <span class='ocrx_word' id='word_1_187' title='bbox 607 2807 696 2885; x_wconf 82' lang='lat' dir='ltr'>ipsum</span> <span class='ocrx_word' id='word_1_188' title='bbox 721 2806 862 2866; x_wconf 79' lang='lat' dir='ltr'>invocabit</span> <span class='ocrx_word' id='word_1_189' title='bbox 885 2807 997 2881; x_wconf 88' lang='lat' dir='ltr'>lovem,</span> <span class='ocrx_word' id='word_1_190' title='bbox 1019 2827 1101 2888; x_wconf 84' lang='lat' dir='ltr'>quem</span> <span class='ocrx_word' id='word_1_191' title='bbox 1115 2818 1146 2867; x_wconf 94' lang='lat' dir='ltr'>tu</span> <span class='ocrx_word' id='word_1_192' title='bbox 1162 2828 1220 2868; x_wconf 83' lang='lat' dir='ltr'>uon</span> 
     </span>
     <span class='ocr_line' id='line_1_25' title="bbox 195 2891 1219 2973; baseline 0 -20"><span class='ocrx_word' id='word_1_193' title='bbox 195 2892 289 2953; x_wconf 81' lang='lat' dir='ltr'>credin</span> <span class='ocrx_word' id='word_1_194' title='bbox 304 2891 420 2972; x_wconf 80' lang='lat' dir='ltr'>perfidie</span> <span class='ocrx_word' id='word_1_195' title='bbox 435 2904 483 2952; x_wconf 82' lang='lat' dir='ltr'>tue</span> <span class='ocrx_word' id='word_1_196' title='bbox 499 2893 621 2963; x_wconf 82' lang='lat' dir='ltr'>moveri,</span> <span class='ocrx_word' id='word_1_197' title='bbox 644 2903 674 2951; x_wconf 91' lang='lat' dir='ltr'>et</span> <span class='ocrx_word' id='word_1_198' title='bbox 694 2892 826 2952; x_wconf 77' lang='lat' dir='ltr'>clamabit</span> <span class='ocrx_word' id='word_1_199' title='bbox 846 2905 975 2973; x_wconf 76' lang='lat' dir='ltr'>tanquam</span> <span class='ocrx_word' id='word_1_200' title='bbox 997 2891 1032 2952; x_wconf 80' lang='lat' dir='ltr'>le</span> <span class='ocrx_word' id='word_1_201' title='bbox 1048 2895 1219 2973; x_wconf 82' lang='lat' dir='ltr'>importuno.</span> 
     </span>
     <span class='ocr_line' id='line_1_26' title="bbox 192 2975 1221 3058; baseline 0.001 -20"><span class='ocrx_word' id='word_1_202' title='bbox 192 2976 266 3038; x_wconf 82' lang='lat' dir='ltr'>Nem</span> <span class='ocrx_word' id='word_1_203' title='bbox 282 2989 312 3038; x_wconf 89' lang='lat' dir='ltr'>et</span> <span class='ocrx_word' id='word_1_204' title='bbox 326 2978 390 3037; x_wconf 85' lang='lat' dir='ltr'>mali</span> <span class='ocrx_word' id='word_1_205' title='bbox 406 2979 545 3050; x_wconf 81' lang='lat' dir='ltr'>sentiunt,</span> <span class='ocrx_word' id='word_1_206' title='bbox 566 2975 631 3057; x_wconf 78' lang='lat' dir='ltr'>quil</span> <span class='ocrx_word' id='word_1_207' title='bbox 647 2988 728 3058; x_wconf 85' lang='lat' dir='ltr'>turpe</span> <span class='ocrx_word' id='word_1_208' title='bbox 745 2988 775 3037; x_wconf 85' lang='lat' dir='ltr'>et</span> <span class='ocrx_word' id='word_1_209' title='bbox 788 2978 928 3038; x_wconf 83' lang='lat' dir='ltr'>uelurium</span> <span class='ocrx_word' id='word_1_210' title='bbox 944 2978 996 3050; x_wconf 80' lang='lat' dir='ltr'>sit,</span> <span class='ocrx_word' id='word_1_211' title='bbox 1017 2989 1046 3037; x_wconf 88' lang='lat' dir='ltr'>et</span> <span class='ocrx_word' id='word_1_212' title='bbox 1061 2998 1221 3058; x_wconf 79' lang='lat' dir='ltr'>erperuen·</span> 
     </span>
     <span class='ocr_line' id='line_1_27' title="bbox 193 3061 1220 3142; baseline 0.001 -20"><span class='ocrx_word' id='word_1_213' title='bbox 193 3074 259 3137; x_wconf 87' lang='lat' dir='ltr'>tur,</span> <span class='ocrx_word' id='word_1_214' title='bbox 281 3062 328 3122; x_wconf 84' lang='lat' dir='ltr'>ubi</span> <span class='ocrx_word' id='word_1_215' title='bbox 351 3064 475 3142; x_wconf 85' lang='lat' dir='ltr'>ipsorum</span> <span class='ocrx_word' id='word_1_216' title='bbox 496 3063 570 3123; x_wconf 85' lang='lat' dir='ltr'>nollo</span> <span class='ocrx_word' id='word_1_217' title='bbox 585 3063 692 3122; x_wconf 81' lang='lat' dir='ltr'>utilitas</span> <span class='ocrx_word' id='word_1_218' title='bbox 714 3073 768 3122; x_wconf 86' lang='lat' dir='ltr'>est.</span> <span class='ocrx_word' id='word_1_219' title='bbox 797 3062 970 3122; x_wconf 86' lang='lat' dir='ltr'>lleleruntur</span> <span class='ocrx_word' id='word_1_220' title='bbox 985 3072 1078 3124; x_wconf 84' lang='lat' dir='ltr'>eutem</span> <span class='ocrx_word' id='word_1_221' title='bbox 1094 3064 1167 3126; x_wconf 72' lang='lat' dir='ltr'>haec</span> <span class='ocrx_word' id='word_1_222' title='bbox 1183 3061 1220 3123; x_wconf 81' lang='lat' dir='ltr'>etl</span> 
     </span>
     <span class='ocr_line' id='line_1_28' title="bbox 193 3147 1220 3227; baseline 0.002 -19"><span class='ocrx_word' id='word_1_223' title='bbox 193 3160 275 3220; x_wconf 80' lang='lat' dir='ltr'>vota,</span> <span class='ocrx_word' id='word_1_224' title='bbox 298 3168 371 3227; x_wconf 81' lang='lat' dir='ltr'>qnae</span> <span class='ocrx_word' id='word_1_225' title='bbox 395 3147 430 3208; x_wconf 84' lang='lat' dir='ltr'>ud</span> <span class='ocrx_word' id='word_1_226' title='bbox 447 3150 530 3208; x_wconf 81' lang='lat' dir='ltr'>funos</span> <span class='ocrx_word' id='word_1_227' title='bbox 546 3149 637 3227; x_wconf 81' lang='lat' dir='ltr'>patrui</span> <span class='ocrx_word' id='word_1_228' title='bbox 653 3159 683 3207; x_wconf 91' lang='lat' dir='ltr'>et</span> <span class='ocrx_word' id='word_1_229' title='bbox 699 3149 793 3227; x_wconf 79' lang='lat' dir='ltr'>pupilli</span> <span class='ocrx_word' id='word_1_230' title='bbox 809 3149 961 3227; x_wconf 85' lang='lat' dir='ltr'>pertinent.</span> <span class='ocrx_word' id='word_1_231' title='bbox 991 3147 1099 3209; x_wconf 81' lang='lat' dir='ltr'>Seneue</span> <span class='ocrx_word' id='word_1_232' title='bbox 1122 3161 1220 3211; x_wconf 79' lang='lat' dir='ltr'>entem</span> 
     </span>
     <span class='ocr_line' id='line_1_29' title="bbox 193 3231 1100 3316; baseline -0.001 -20"><span class='ocrx_word' id='word_1_233' title='bbox 193 3244 256 3296; x_wconf 75' lang='lat' dir='ltr'>eelz</span> <span class='ocrx_word' id='word_1_234' title='bbox 272 3232 331 3295; x_wconf 77' lang='lat' dir='ltr'>lovi</span> <span class='ocrx_word' id='word_1_235' title='bbox 347 3255 402 3293; x_wconf 90' lang='lat' dir='ltr'>uon</span> <span class='ocrx_word' id='word_1_236' title='bbox 418 3233 548 3294; x_wconf 74' lang='lat' dir='ltr'>videntur</span> <span class='ocrx_word' id='word_1_237' title='bbox 563 3235 766 3312; x_wconf 76' lang='lat' dir='ltr'>importunum,</span> <span class='ocrx_word' id='word_1_238' title='bbox 782 3231 855 3316; x_wconf 83' lang='lat' dir='ltr'>quod</span> <span class='ocrx_word' id='word_1_239' title='bbox 872 3233 951 3292; x_wconf 82' lang='lat' dir='ltr'>Staio</span> <span class='ocrx_word' id='word_1_240' title='bbox 968 3232 1100 3295; x_wconf 71' lang='lat' dir='ltr'>videtur?</span> 
     </span>
    </p>
   </div>
   <div class='ocr_carea' id='block_1_6' title="bbox 191 3335 1220 4013">
    <p class='ocr_par' dir='ltr' id='par_1_6' title="bbox 193 3335 1220 3673">
     <span class='ocr_line' id='line_1_30' title="bbox 278 3335 1220 3414; baseline -0.004 -15"><span class='ocrx_word' id='word_1_241' title='bbox 278 3341 330 3399; x_wconf 76' lang='lat' dir='ltr'>tt.</span> <span class='ocrx_word' id='word_1_242' title='bbox 353 3337 508 3413; x_wconf 80' lang='lat' dir='ltr'>Ignooirse</span> <span class='ocrx_word' id='word_1_243' title='bbox 518 3345 613 3414; x_wconf 74' lang='lat' dir='ltr'>putas</span> <span class='ocrx_word' id='word_1_244' title='bbox 622 3380 634 3408; x_wconf 90' lang='lat'><em>,</em></span> <span class='ocrx_word' id='word_1_245' title='bbox 652 3338 732 3414; x_wconf 81' lang='lat' dir='ltr'>quio.</span> <span class='ocrx_word' id='word_1_246' title='bbox 754 3335 800 3394; x_wconf 83' lang='lat' dir='ltr'>An</span> <span class='ocrx_word' id='word_1_247' title='bbox 815 3346 897 3414; x_wconf 80' lang='lat' dir='ltr'>putto</span> <span class='ocrx_word' id='word_1_248' title='bbox 913 3335 1007 3395; x_wconf 86' lang='lat' dir='ltr'>lovem</span> <span class='ocrx_word' id='word_1_249' title='bbox 1023 3336 1133 3395; x_wconf 78' lang='lat' dir='ltr'>venium</span> <span class='ocrx_word' id='word_1_250' title='bbox 1149 3355 1220 3414; x_wconf 82' lang='lat' dir='ltr'>pro·</span> 
     </span>
     <span class='ocr_line' id='line_1_31' title="bbox 193 3419 1220 3500; baseline -0.002 -19"><span class='ocrx_word' id='word_1_251' title='bbox 193 3434 321 3482; x_wconf 85' lang='lat' dir='ltr'>recutom</span> <span class='ocrx_word' id='word_1_252' title='bbox 338 3421 466 3500; x_wconf 85' lang='lat' dir='ltr'>petitioni</span> <span class='ocrx_word' id='word_1_253' title='bbox 482 3430 558 3492; x_wconf 85' lang='lat' dir='ltr'>tone,</span> <span class='ocrx_word' id='word_1_254' title='bbox 574 3421 637 3500; x_wconf 85' lang='lat' dir='ltr'>quin</span> <span class='ocrx_word' id='word_1_255' title='bbox 654 3431 682 3481; x_wconf 89' lang='lat' dir='ltr'>te</span> <span class='ocrx_word' id='word_1_256' title='bbox 698 3419 815 3481; x_wconf 84' lang='lat' dir='ltr'>necdum</span> <span class='ocrx_word' id='word_1_257' title='bbox 832 3421 937 3480; x_wconf 83' lang='lat' dir='ltr'>lulmen</span> <span class='ocrx_word' id='word_1_258' title='bbox 953 3420 1095 3498; x_wconf 71' lang='lat' dir='ltr'>perculit?</span> <span class='ocrx_word' id='word_1_259' title='bbox 1112 3419 1220 3480; x_wconf 86' lang='lat' dir='ltr'>Nereir</span> 
     </span>
     <span class='ocr_line' id='line_1_32' title="bbox 193 3504 1220 3586; baseline 0.001 -22"><span class='ocrx_word' id='word_1_260' title='bbox 193 3505 353 3568; x_wconf 83' lang='lat' dir='ltr'>diletionem</span> <span class='ocrx_word' id='word_1_261' title='bbox 375 3524 431 3565; x_wconf 91' lang='lat' dir='ltr'>non</span> <span class='ocrx_word' id='word_1_262' title='bbox 454 3525 521 3565; x_wconf 80' lang='lat' dir='ltr'>erse</span> <span class='ocrx_word' id='word_1_263' title='bbox 544 3507 571 3564; x_wconf 90' lang='lat' dir='ltr'>in</span> <span class='ocrx_word' id='word_1_264' title='bbox 595 3509 734 3584; x_wconf 72' lang='lat' dir='ltr'>poenam?</span> <span class='ocrx_word' id='word_1_265' title='bbox 764 3504 874 3576; x_wconf 83' lang='lat' dir='ltr'>Crede,</span> <span class='ocrx_word' id='word_1_266' title='bbox 898 3504 995 3565; x_wconf 85' lang='lat' dir='ltr'>dilutio</span> <span class='ocrx_word' id='word_1_267' title='bbox 1016 3506 1135 3586; x_wconf 79' lang='lat' dir='ltr'>periculi</span> <span class='ocrx_word' id='word_1_268' title='bbox 1150 3504 1220 3566; x_wconf 83' lang='lat' dir='ltr'>tttut</span> 
     </span>
     <span class='ocr_line' id='line_1_33' title="bbox 193 3590 955 3673; baseline -0.004 -21"><span class='ocrx_word' id='word_1_269' title='bbox 193 3591 267 3673; x_wconf 84' lang='lat' dir='ltr'>quod</span> <span class='ocrx_word' id='word_1_270' title='bbox 283 3594 425 3662; x_wconf 87' lang='lat' dir='ltr'>imminet,</span> <span class='ocrx_word' id='word_1_271' title='bbox 439 3591 556 3670; x_wconf 73' lang='lat' dir='ltr'>gravius</span> <span class='ocrx_word' id='word_1_272' title='bbox 572 3591 657 3664; x_wconf 84' lang='lat' dir='ltr'>lucit,</span> <span class='ocrx_word' id='word_1_273' title='bbox 672 3603 704 3651; x_wconf 92' lang='lat' dir='ltr'>ut</span> <span class='ocrx_word' id='word_1_274' title='bbox 718 3593 758 3650; x_wconf 83' lang='lat' dir='ltr'>rit</span> <span class='ocrx_word' id='word_1_275' title='bbox 772 3590 913 3651; x_wconf 75' lang='lat' dir='ltr'>luvenalis</span> <span class='ocrx_word' id='word_1_276' title='bbox 923 3593 955 3649; x_wconf 81' lang='lat'>⁴:</span> 
     </span>
    </p>

    <p class='ocr_par' dir='ltr' id='par_1_7' title="bbox 358 3678 814 3840">
     <span class='ocr_line' id='line_1_34' title="bbox 445 3678 814 3753; baseline 0 -18"><span class='ocrx_word' id='word_1_277' title='bbox 445 3695 519 3735; x_wconf 86' lang='lat' dir='ltr'>curo</span> <span class='ocrx_word' id='word_1_278' title='bbox 532 3678 677 3753; x_wconf 56' lang='lat' dir='ltr'>maerore</span> <span class='ocrx_word' id='word_1_279' title='bbox 694 3679 814 3736; x_wconf 66' lang='lat' dir='ltr'>ametur</span> 
     </span>
     <span class='ocr_line' id='line_1_35' title="bbox 358 3764 684 3840; baseline 0 -19"><span class='ocrx_word' id='word_1_280' title='bbox 358 3764 498 3821; x_wconf 77' lang='lat' dir='ltr'>Procimo</span> <span class='ocrx_word' id='word_1_281' title='bbox 515 3772 684 3840; x_wconf 74' lang='lat' dir='ltr'>tempestae.</span> 
     </span>
    </p>

    <p class='ocr_par' dir='ltr' id='par_1_8' title="bbox 191 3844 1220 4013">
     <span class='ocr_line' id='line_1_36' title="bbox 191 3844 1220 3927; baseline 0.002 -21"><span class='ocrx_word' id='word_1_282' title='bbox 191 3848 295 3907; x_wconf 79' lang='lat' dir='ltr'>Aliter.</span> <span class='ocrx_word' id='word_1_283' title='bbox 334 3846 421 3906; x_wconf 83' lang='lat' dir='ltr'>Putor</span> <span class='ocrx_word' id='word_1_284' title='bbox 443 3847 494 3905; x_wconf 87' lang='lat' dir='ltr'>tibi</span> <span class='ocrx_word' id='word_1_285' title='bbox 515 3846 609 3907; x_wconf 78' lang='lat' dir='ltr'>lovem</span> <span class='ocrx_word' id='word_1_286' title='bbox 632 3849 743 3906; x_wconf 77' lang='lat' dir='ltr'>venium</span> <span class='ocrx_word' id='word_1_287' title='bbox 765 3844 897 3919; x_wconf 85' lang='lat' dir='ltr'>dedirue,</span> <span class='ocrx_word' id='word_1_288' title='bbox 926 3847 992 3927; x_wconf 83' lang='lat' dir='ltr'>quie</span> <span class='ocrx_word' id='word_1_289' title='bbox 1015 3849 1120 3907; x_wconf 85' lang='lat' dir='ltr'>tonitru</span> <span class='ocrx_word' id='word_1_290' title='bbox 1140 3848 1220 3908; x_wconf 83' lang='lat' dir='ltr'>lecto</span> 
     </span>
     <span class='ocr_line' id='line_1_37' title="bbox 192 3930 1014 4013; baseline 0 -22"><span class='ocrx_word' id='word_1_291' title='bbox 192 3933 374 3993; x_wconf 70' lang='lat' dir='ltr'>fulminantur</span> <span class='ocrx_word' id='word_1_292' title='bbox 389 3931 507 3992; x_wconf 76' lang='lat' dir='ltr'>arboreo</span> <span class='ocrx_word' id='word_1_293' title='bbox 523 3934 620 4004; x_wconf 76' lang='lat' dir='ltr'>ocius,</span> <span class='ocrx_word' id='word_1_294' title='bbox 635 3952 717 4013; x_wconf 82' lang='lat' dir='ltr'>quam</span> <span class='ocrx_word' id='word_1_295' title='bbox 733 3943 762 3991; x_wconf 89' lang='lat' dir='ltr'>tu</span> <span class='ocrx_word' id='word_1_296' title='bbox 787 3942 817 3991; x_wconf 90' lang='lat' dir='ltr'>et</span> <span class='ocrx_word' id='word_1_297' title='bbox 832 3930 929 3992; x_wconf 82' lang='lat' dir='ltr'>domne</span> <span class='ocrx_word' id='word_1_298' title='bbox 946 3935 1014 3992; x_wconf 78' lang='lat' dir='ltr'>tuni</span> 
     </span>
    </p>
   </div>
   <div class='ocr_carea' id='block_1_7' title="bbox 192 4115 1219 4459">
    <p class='ocr_par' dir='ltr' id='par_1_9' title="bbox 193 4115 1005 4184">
     <span class='ocr_line' id='line_1_38' title="bbox 193 4115 1005 4184; baseline 0 -16"><span class='ocrx_word' id='word_1_299' title='bbox 193 4116 205 4168; x_wconf 96' lang='grc'><strong>1</strong></span> <span class='ocrx_word' id='word_1_300' title='bbox 225 4117 304 4167; x_wconf 80' lang='lat' dir='ltr'>Alr&#39;m</span> <span class='ocrx_word' id='word_1_301' title='bbox 316 4115 377 4169; x_wconf 89' lang='lat' dir='ltr'>Vin.</span> <span class='ocrx_word' id='word_1_302' title='bbox 398 4116 438 4168; x_wconf 83' lang='lat' dir='ltr'>Gi.</span> <span class='ocrx_word' id='word_1_303' title='bbox 454 4117 508 4169; x_wconf 85' lang='lat' dir='ltr'>Cic.</span> <span class='ocrx_word' id='word_1_304' title='bbox 522 4118 596 4169; x_wconf 85' lang='lat' dir='ltr'>Brut.</span> <span class='ocrx_word' id='word_1_305' title='bbox 611 4117 654 4177; x_wconf 74' lang='grc'>68,</span> <span class='ocrx_word' id='word_1_306' title='bbox 668 4119 729 4170; x_wconf 75' lang='lat' dir='ltr'>ttt.</span> <span class='ocrx_word' id='word_1_307' title='bbox 744 4134 767 4184; x_wconf 83' lang='lat' dir='ltr'>p.</span> <span class='ocrx_word' id='word_1_308' title='bbox 784 4117 890 4168; x_wconf 85' lang='lat' dir='ltr'>Cluent.</span> <span class='ocrx_word' id='word_1_309' title='bbox 903 4118 947 4179; x_wconf 72' lang='lat' dir='ltr'>tt,</span> <span class='ocrx_word' id='word_1_310' title='bbox 963 4118 1005 4171; x_wconf 79' lang='lat' dir='ltr'>to.</span> 
     </span>
    </p>

    <p class='ocr_par' dir='ltr' id='par_1_10' title="bbox 192 4184 1219 4324">
     <span class='ocr_line' id='line_1_39' title="bbox 192 4184 1219 4253; baseline 0 -13"><span class='ocrx_word' id='word_1_311' title='bbox 192 4187 340 4252; x_wconf 75' lang='lat' dir='ltr'>2praetor</span> <span class='ocrx_word' id='word_1_312' title='bbox 359 4187 507 4237; x_wconf 77' lang='lat' dir='ltr'>trrtelorior</span> <span class='ocrx_word' id='word_1_313' title='bbox 525 4189 564 4239; x_wconf 86' lang='lat' dir='ltr'>ed.</span> <span class='ocrx_word' id='word_1_314' title='bbox 586 4202 624 4252; x_wconf 76' lang='lat' dir='ltr'>pr.</span> <span class='ocrx_word' id='word_1_315' title='bbox 652 4187 694 4237; x_wconf 85' lang='lat' dir='ltr'>Cl.</span> <span class='ocrx_word' id='word_1_316' title='bbox 716 4184 835 4237; x_wconf 87' lang='lat' dir='ltr'>Gotholr.</span> <span class='ocrx_word' id='word_1_317' title='bbox 856 4188 887 4237; x_wconf 80' lang='lat' dir='ltr'>el</span> <span class='ocrx_word' id='word_1_318' title='bbox 907 4187 964 4237; x_wconf 81' lang='lat' dir='ltr'>cod.</span> <span class='ocrx_word' id='word_1_319' title='bbox 980 4186 1079 4239; x_wconf 78' lang='lat' dir='ltr'>Theoi.</span> <span class='ocrx_word' id='word_1_320' title='bbox 1094 4186 1104 4237; x_wconf 96' lang='grc'><strong>1</strong></span> <span class='ocrx_word' id='word_1_321' title='bbox 1117 4203 1142 4253; x_wconf 74' lang='lat' dir='ltr'>p.</span> <span class='ocrx_word' id='word_1_322' title='bbox 1157 4189 1219 4242; x_wconf 79' lang='lat' dir='ltr'>tot.</span> 
     </span>
     <span class='ocr_line' id='line_1_40' title="bbox 226 4252 1147 4324; baseline 0.001 -21"><span class='ocrx_word' id='word_1_323' title='bbox 226 4252 339 4318; x_wconf 70' lang='lat' dir='ltr'>Frgmm.</span> <span class='ocrx_word' id='word_1_324' title='bbox 353 4254 439 4306; x_wconf 84' lang='lat' dir='ltr'>Vttio.</span> <span class='ocrx_word' id='word_1_325' title='bbox 455 4256 506 4307; x_wconf 71' lang='lat'>23²</span> <span class='ocrx_word' id='word_1_326' title='bbox 520 4273 543 4320; x_wconf 79' lang='lat' dir='ltr'>p.</span> <span class='ocrx_word' id='word_1_327' title='bbox 560 4256 602 4307; x_wconf 79' lang='lat' dir='ltr'>oo.</span> <span class='ocrx_word' id='word_1_328' title='bbox 616 4256 668 4309; x_wconf 77' lang='lat' dir='ltr'>2ll</span> <span class='ocrx_word' id='word_1_329' title='bbox 682 4272 707 4321; x_wconf 81' lang='lat' dir='ltr'>p.</span> <span class='ocrx_word' id='word_1_330' title='bbox 719 4255 796 4308; x_wconf 79' lang='lat' dir='ltr'>otti.</span> <span class='ocrx_word' id='word_1_331' title='bbox 813 4261 892 4309; x_wconf 75' lang='lat' dir='ltr'>tutor·</span> <span class='ocrx_word' id='word_1_332' title='bbox 899 4257 1071 4324; x_wconf 64' lang='lat' dir='ltr'>pupillae-tor</span> <span class='ocrx_word' id='word_1_333' title='bbox 1083 4263 1147 4309; x_wconf 83' lang='lat' dir='ltr'>cett.</span> 
     </span>
    </p>

    <p class='ocr_par' dir='ltr' id='par_1_11' title="bbox 192 4322 768 4386">
     <span class='ocr_line' id='line_1_41' title="bbox 192 4322 768 4386; baseline 0 -11"><span class='ocrx_word' id='word_1_334' title='bbox 192 4322 208 4375; x_wconf 81' lang='grc'>3</span> <span class='ocrx_word' id='word_1_335' title='bbox 224 4322 326 4374; x_wconf 78' lang='lat' dir='ltr'>Botbnr</span> <span class='ocrx_word' id='word_1_336' title='bbox 339 4322 398 4375; x_wconf 81' lang='lat' dir='ltr'>Cur.</span> <span class='ocrx_word' id='word_1_337' title='bbox 414 4325 446 4373; x_wconf 91' lang='lat' dir='ltr'>el.</span> <span class='ocrx_word' id='word_1_338' title='bbox 462 4324 517 4374; x_wconf 82' lang='lat' dir='ltr'>Cic.</span> <span class='ocrx_word' id='word_1_339' title='bbox 532 4324 609 4377; x_wconf 81' lang='lat' dir='ltr'>Verr.</span> <span class='ocrx_word' id='word_1_340' title='bbox 621 4323 654 4386; x_wconf 93' lang='lat' dir='ltr'>ll,</span> <span class='ocrx_word' id='word_1_341' title='bbox 667 4324 712 4386; x_wconf 74' lang='lat' dir='ltr'>tt,</span> <span class='ocrx_word' id='word_1_342' title='bbox 727 4326 768 4378; x_wconf 81' lang='lat' dir='ltr'>tt.</span> 
     </span>
    </p>

    <p class='ocr_par' dir='ltr' id='par_1_12' title="bbox 195 4390 496 4459">
     <span class='ocr_line' id='line_1_42' title="bbox 195 4390 496 4459; baseline -0.003 -16"><span class='ocrx_word' id='word_1_343' title='bbox 195 4393 210 4443; x_wconf 84' lang='lat' dir='ltr'>l</span> <span class='ocrx_word' id='word_1_344' title='bbox 229 4390 283 4442; x_wconf 87' lang='lat' dir='ltr'>lnv.</span> <span class='ocrx_word' id='word_1_345' title='bbox 303 4390 377 4456; x_wconf 84' lang='lat' dir='ltr'>Xlll,</span> <span class='ocrx_word' id='word_1_346' title='bbox 395 4393 446 4447; x_wconf 77' lang='lat'>22⁷</span> <span class='ocrx_word' id='word_1_347' title='bbox 459 4409 496 4459; x_wconf 81' lang='lat' dir='ltr'>eq.</span> 
     </span>
    </p>
   </div>
   <div class='ocr_carea' id='block_1_8' title="bbox 0 0 1292 5054">
    <p class='ocr_par' dir='ltr' id='par_1_13' title="bbox 0 0 1292 5054">
     <span class='ocr_line' id='line_1_43' title="bbox 0 0 1292 5054; baseline 0 0"><span class='ocrx_word' id='word_1_348' title='bbox 0 0 1292 5054; x_wconf 95' lang='lat' dir='ltr'> </span> 
     </span>
    </p>
   </div>
  </div>
 </body>
</html>
