2574 5054
192 747 256 816 ste
437 749 637 814 senocto
654 719 970 827 servem-es.

192 932 337 983 auctorem
351 918 508 983 medicinae
523 924 614 1002 petiit,
628 934 660 983 ut
674 943 726 983 sua
740 934 803 985 arte
819 921 856 984 ad
871 925 956 983 vitam
970 934 1138 985 revocaret:
1155 944 1215 1004 quo

193 1008 271 1068 lacto
286 1007 475 1088 Aesculapius
490 1028 553 1068 eum
568 1010 660 1069 tivum
675 1008 784 1070 Dianae
800 1011 940 1080 restituit,
960 1019 991 1069 et
1004 1021 1168 1088 acceptum,
1185 1012 1215 1068 ia

192 1093 257 1155 luco
280 1113 332 1153 suo
355 1096 446 1154 otiose
470 1104 502 1153 ut
522 1096 648 1166 vireret,
675 1096 872 1166 consecravit,
902 1106 931 1154 et
950 1095 1077 1155 Virbium
1098 1097 1217 1154 vocavit

193 1180 312 1251 merito,
335 1178 409 1259 qnod
423 1180 467 1239 hie
482 1181 510 1238 in
525 1181 610 1238 vitam
626 1180 751 1259 prolatus
768 1191 857 1241 esset.
943 1183 1066 1239 Praesto
1081 1190 1128 1239 est
1141 1182 1220 1238 mr'lri

193 1266 323 1325 Meuius.
352 1264 430 1343 Ergo
451 1264 505 1324 huc
529 1285 591 1324 cum
613 1285 801 1344 processero,
822 1276 871 1324 nut
891 1262 927 1325 ed
947 1263 1089 1335 Bovillas,
1112 1263 1216 1339 autad

194 1349 294 1410 clivum
309 1349 416 1419 Virili,
441 1351 573 1409 continuo
590 1351 654 1409 mihi
669 1350 780 1410 Manius
795 1353 935 1422 occurrit,
965 1353 1012 1430 qui
1027 1369 1060 1410 se
1074 1348 1216 1410 heredem

195 1453 287 1495 meum
312 1453 378 1494 esse
402 1433 495 1506 dicat,
518 1455 580 1494 cum
603 1455 665 1496 eum
689 1438 824 1496 nesciam.
858 1435 917 1496 Aut
932 1447 1013 1496 uerte
1032 1435 1216 1495 *lienium

195 1517 290 1579 dicit
318 1516 519 1580 deformem
550 1531 587 1580 et
617 1522 781 1600 ignotum
810 1521 1007 1592 hominem,
1035 1540 1094 1595 co,
1117 1518 1216 1600 quod

195 1601 340 1664 monice
363 1601 540 1665 dicuntur
562 1604 736 1666 indecori
760 1606 885 1666 vultus
909 1626 1112 1686 personae,
1137 1609 1217 1687 qui·

194 1688 260 1750 bue
283 1691 391 1769 pueri
413 1691 670 1750 terrentur.¹*

282 1780 332 1838 57.
354 1777 514 1852 Progenies
531 1786 642 1835 terroe.
674 1775 734 1835 lloc
757 1772 841 1835 dicit:
864 1776 916 1836 llic
930 1775 1042 1836 Manius
1057 1787 1112 1836 tam
1129 1777 1217 1855 longe

195 1879 215 1920 a
234 1869 264 1920 te
286 1862 428 1932 nescitur,
452 1872 482 1920 ut
504 1872 600 1922 terrae
623 1861 695 1921 lilius
717 1859 857 1921 videntur.
946 1864 1062 1938 Quaere
1091 1881 1131 1921 ec
1157 1883 1216 1933 me,

197 1946 263 2023 puis
277 1946 351 2004 inihi
363 1957 499 2025 quartus.
532 1946 591 2006 lloc
606 1944 691 2006 dicit:
716 1944 747 2005 Si
764 1949 863 2026 proavi
878 1967 978 2006 nomen
993 1968 1010 2007 e
1026 1967 1069 2007 me
1084 1949 1218 2028 inquiris,

197 2050 253 2090 non
269 2030 354 2090 facile
370 2030 470 2090 dicum.
503 2033 647 2107 Quartum
669 2033 741 2093 enim
758 2043 878 2111 pamm
900 2031 968 2092 dicit
982 2033 1125 2104 abavum,
1149 2033 1219 2112 quia

195 2115 301 2196 primus
312 2125 421 2194 pater,
437 2116 578 2176 secundus
594 2136 667 2177 auur
674 2162 686 2190 ,
702 2115 768 2176 iude
779 2136 930 2196 proauus,
949 2117 1049 2179 deinde
1066 2117 1194 2177 alueus.

282 2205 333 2262 58.
357 2202 446 2260 Adde
460 2204 547 2261 etrum
563 2222 671 2275 unum,
694 2221 783 2261 unum
797 2205 897 2262 etium.
928 2202 1034 2263 Deestc
1059 2213 1089 2261 ut
1104 2200 1216 2275 dicam3

197 2293 227 2344 et
241 2296 288 2344 est
302 2304 421 2344 sensus:
445 2286 522 2346 Pone
537 2305 582 2347 me
597 2290 674 2346 scire
689 2297 817 2359 eurum,
836 2306 910 2367 pone
927 2299 957 2348 et
972 2289 1120 2361 mitorum,
1142 2288 1218 2348 lrnne

197 2379 291 2429 tamen
306 2368 428 2429 lienium
444 2372 555 2450 ignoro.

285 2458 335 2516 69.
362 2456 473 2514 Terrae
495 2466 540 2516 ret
563 2457 621 2515 ciem
632 2454 741 2534 filiius,
776 2477 832 2516 non
863 2455 1016 2517 secundum
1037 2458 1218 2534 cognationis

199 2537 335 2611 ordinem,
351 2538 402 2600 sed
419 2540 571 2601 secundnm
587 2543 766 2601 humanitatis
783 2543 876 2622 legem
892 2543 957 2601 mihi
972 2544 1144 2623 propinquus
1159 2553 1218 2614 eat,

198 2643 262 2683 cum
276 2626 314 2682 sit
334 2635 430 2686 terrae
450 2627 533 2686 filius.

285 2713 336 2772 60.
360 2712 404 2770 Et
415 2714 490 2771 mc'dr'
501 2715 564 2772 ritu
578 2713 699 2772 Maurice
715 2713 763 2771 tic
776 2731 847 2788 gen.
866 2711 917 2772 llic
931 2711 1043 2771 Manius
1059 2721 1114 2769 tem
1130 2730 1219 2790 gran-

198 2790 242 2854 dia
258 2806 323 2854 natu
339 2808 401 2868 est,
417 2807 448 2855 ut
462 2799 487 2856 si
502 2818 571 2858 vere
586 2799 729 2877 proximus
745 2817 849 2876 parens
864 2798 911 2868 lit,
934 2797 1086 2856 secundum
1101 2798 1220 2874 generis

199 2879 298 2953 ritum,
322 2881 474 2941 avunculus
491 2893 571 2942 esset
585 2883 651 2941 milri
667 2885 766 2942 maior.
852 2884 953 2942 Maior
972 2894 1065 2942 nutem
1087 2900 1219 2941 auuncu-

201 2965 247 3024 lus
255 3009 267 3038 ,
283 2967 364 3026 aviac
380 2967 479 3026 irater.

286 3054 338 3114 61.
361 3053 420 3130 Qui
435 3055 523 3131 prior
545 3072 594 3126 ca,
618 3072 673 3114 cur
697 3072 752 3113 mc.
790 3049 912 3132 *Apud
940 3051 1111 3112 Athenas
1138 3050 1219 3112 ludi

201 3135 512 3210 celebrabantur,
540 3141 575 3197 in
605 3138 742 3219 quilius
773 3158 885 3198 cursu
914 3138 1072 3198 iuvenca
1095 3148 1221 3197 certa·

200 3220 325 3293 bant‚*
347 3223 473 3303 et*qui
494 3225 618 3284 victor
640 3234 722 3284 erut
742 3225 878 3303 primus
901 3224 1020 3283 lucem
1042 3222 1220 3296 tollebat,

201 3304 337 3367 deinde
359 3311 587 3389 sequentiae
608 3307 802 3380 tradebat,
825 3320 862 3368 et
882 3307 1065 3368 secundus
1084 3309 1220 3381 tertio;

202 3392 388 3453 similiter
418 3399 561 3454 omnes*
585 3395 745 3467 iaciebant,
775 3406 805 3454 et
829 3394 882 3453 sihi
911 3395 1030 3453 invicem
1058 3392 1220 3464 tradebant,

201 3474 341 3538 *donec
370 3481 602 3540 currentium
632 3499 804 3539 numerus
834 3478 1151 3557 compleretur².*
1184 3479 1223 3537 lit

201 3572 248 3621 eet
276 3584 393 3623 sensus:
425 3564 492 3624 Com
521 3577 551 3625 tu
581 3575 676 3625 uetnte
699 3584 743 3624 me
766 3563 939 3637 antecedas,
960 3584 1012 3624 cur
1034 3558 1221 3624 hereditatem

201 3667 291 3708 meam
306 3648 380 3708 trudi
395 3650 446 3709 tihi
461 3670 478 3710 a
493 3670 537 3710 me
553 3655 710 3729 expectes?

289 3739 339 3798 62.
361 3737 432 3795 Sum
449 3736 505 3794 titi
515 3738 705 3808 Mercurius,
721 3737 821 3808 uenio3
842 3732 871 3793 id
887 3744 949 3806 est,
964 3753 1026 3793 cum
1041 3733 1120 3793 lucro
1135 3737 1222 3794 venio

203 3816 240 3879 ad
254 3829 296 3880 te.
327 3818 500 3880 Mercurium
521 3822 593 3880 enim
618 3820 700 3880 deum
715 3822 786 3881 lucri
808 3819 948 3879 dicebant.
997 3823 999 3827 '
1038 3820 1224 3899 Utillepr'u·

201 3915 305 3983 gutur,
323 3906 387 3984 quia
403 3926 465 3966 eum
480 3926 542 3965 cum
559 3907 682 3966 snccello
697 3906 782 3986 pleno
797 3906 934 3984 pecuniae
952 3905 1113 3983 pingebant

291 3993 341 4053 63.
363 3995 414 4051 Aa
430 3993 554 4051 renuis?
580 3991 626 4052 An
642 3994 717 4053 forte
732 4011 784 4062 cn,
807 4011 878 4070 quae
895 3990 944 4049 titi
960 3990 1067 4061 ollero,
1088 3991 1226 4068 spernis?

207 4074 274 4134 Vr'n'
300 4086 332 4134 tu
350 4079 485 4153 gaudere
507 4078 642 4138 relictis?
675 4077 728 4137 Vis
751 4077 834 4136 ctiam
856 4087 886 4136 tu
907 4077 998 4156 gratis
1020 4076 1172 4155 accipere,
1197 4087 1228 4138 ct

203 4158 330 4239 gaudere
345 4160 381 4220 ed
396 4182 449 4236 eu,
464 4182 535 4242 quae
551 4163 601 4221 tibi
616 4160 744 4222 dimitto?

206 4276 278 4331 llta
295 4279 362 4345 apud
380 4278 452 4331 Feat.
473 4296 494 4331 a.
515 4297 541 4332 r.
567 4280 677 4333 Manius
701 4279 807 4331 Sinnius
832 4278 938 4347 Capito,
964 4281 1008 4347 qui
1033 4280 1071 4331 nit
1089 4286 1179 4347 turpes
1200 4289 1227 4332 et

240 4347 366 4399 selerne·
391 4352 494 4412 vocari,
521 4350 564 4417 qui
589 4350 689 4401 maniae
714 4350 838 4401 dicuntur
861 4349 988 4400 deformes
1010 4364 1142 4418 personae.
1181 4349 1225 4402 Cl.

239 4413 312 4467 Fert.
332 4432 354 4468 a.
374 4432 401 4467 r.
420 4419 538 4482 maniee,
555 4417 660 4483 Miller,
678 4418 787 4471 lltruak.
808 4417 830 4470 ll
848 4433 873 4486 p.
894 4419 942 4472 tot
954 4434 1009 4486 sqq.

205 4485 347 4553 2iorpler.
366 4483 435 4538 Pith.
