2574 5054
424 755 790 820 PROLEGOMENA.
1021 778 1119 823 ecam

92 927 154 1007 rit,
169 936 203 993 et
217 947 294 992 raro
309 924 410 990 codex
426 921 568 991 aliolbio
583 926 706 1008 antiquo
723 932 836 988 mutum
853 945 979 990 numero
995 937 1117 992 notatus

92 1039 160 1107 est,
192 1048 290 1112 neque
312 1047 412 1106 novo,
443 1046 502 1110 quo
524 1038 595 1091 tuuc
622 1046 728 1092 omnes
754 1027 843 1090 codd.
874 1026 1010 1113 insigniti
1032 1038 1115 1094 sunt.

92 1127 192 1214 Igitur
205 1128 334 1195 llolhius
349 1139 382 1193 nt
396 1129 472 1194 alios
487 1128 528 1192 ita
545 1127 623 1193 hunc
645 1129 713 1191 cod.
737 1147 779 1196 ex
794 1129 962 1212 antiquiore
979 1132 1117 1214 catalogo

92 1230 124 1295 iu
141 1253 226 1296 suum
243 1231 414 1308 transtulit,
438 1229 574 1313 quamvis
596 1229 627 1293 in
644 1229 824 1295 bibliotheca
840 1251 901 1294 nou
916 1233 1115 1316 reperiretur.
1232 1295 1234 1300 ,

91 1329 182 1397 Hunc
196 1343 296 1398 antem
312 1331 445 1397 codicem
468 1329 637 1396 Pithoeano
658 1331 786 1396 similem
807 1350 876 1396 esse
894 1344 952 1396 tam
968 1355 1055 1415 quam
1071 1334 1118 1399 lac

89 1433 182 1511 lacti,
199 1434 278 1517 quod
293 1433 391 1512 aiunt,
407 1443 544 1519 apparet.
566 1423 723 1497 'Habemus
740 1430 916 1498 iuvenalem
933 1445 965 1499 et
978 1432 1118 1499 Persium

92 1534 307 1612 coniunctum,
337 1545 494 1618 utrumqne
517 1533 640 1599 scholiis
663 1544 865 1612 exornatum,
897 1546 930 1600 et
951 1536 1063 1600 scholia
1086 1534 1119 1599 in

91 1632 271 1707 Iuvenalem
292 1637 398 1701 eadem
421 1636 515 1699 luisse
537 1634 592 1714 iis,
624 1657 700 1720 qnae
731 1657 812 1701 nunc
834 1657 951 1720 quoqne
974 1637 1006 1700 in
1021 1638 1118 1701 altero

93 1738 165 1802 cod.
191 1733 288 1821 Sang.
312 1747 458 1814 exuunt,
482 1736 729 1802 verisimillimum
754 1748 819 1817 cst,
850 1737 1016 1816 habemns,
1041 1738 1119 1823 quod

91 1859 158 1903 rem
181 1839 318 1918 conficit,
350 1838 478 1903 eundem
499 1839 607 1903 mirum
631 1836 730 1903 Persii
754 1838 894 1903 indicem.
938 1837 1043 1922 Quare
1072 1858 1120 1904 me

92 1940 226 2006 nondum
256 1941 449 2006 coniecturae
475 1940 612 2026 poenitet
641 1939 710 2015 oliuu
747 1941 917 2024 propositae
948 1935 1117 2021 (Zeiuehr.

93 2041 117 2106 1.
136 2043 177 2105 Α.
196 2039 255 2115 W,
275 2040 402 2125 18381),
422 2036 506 2106 1050
520 2041 601 2125 sq),
620 2039 820 2114 Pithoeanunr
837 2043 972 2107 codicem
990 2041 1119 2107 eundem

94 2165 161 2209 cum
178 2144 235 2209 boe
253 2140 459 2228 sangallensi,
477 2144 525 2226 qni
543 2143 647 2207 lraude
662 2144 733 2207 iude
749 2143 896 2207 abductus
911 2140 991 2225 (quis
1008 2142 1118 2222 nescit,

93 2256 167 2328 quot
182 2246 271 2309 codd.
290 2244 359 2308 olim
376 2265 393 2309 e
408 2242 592 2313 bibliotheca
607 2243 801 2329 sangallensi
818 2247 896 2319 lucto
912 2243 1003 2307 ablati
1019 2244 1118 2327 sinti)

93 2347 126 2415 iu
150 2345 358 2416 bibliothecam
382 2341 493 2410 Matth.
519 2344 665 2423 Corvini,
690 2357 721 2410 et
744 2344 852 2422 deiude
876 2345 907 2421 in
922 2343 1118 2419 Pithoecrum

94 2469 200 2512 manus
224 2449 409 2532 pervenerit.
455 2445 599 2512 Ceterum
630 2469 696 2510 curn
728 2448 759 2510 in
786 2447 950 2529 digerendo
977 2457 1119 2530 apparatu

93 2549 200 2614 critico
224 2548 342 2612 Pithnei
362 2550 495 2614 editione
519 2572 578 2612 non
603 2549 767 2634 potuissem
796 2548 858 2625 uti,
886 2550 940 2613 sed
965 2547 1119 2633 excerptis

95 2661 210 2714 mutum
227 2652 421 2734 quibusdam,
445 2653 557 2724 laetum
581 2663 645 2727 est,
671 2661 704 2714 nt
724 2651 868 2736 quaedam
892 2650 1118 2728 omitterentur,

94 2773 170 2838 qnae
191 2754 353 2822 editionem
376 2754 456 2817 illam
478 2763 584 2817 nactus
606 2752 638 2815 in
661 2738 820 2815 Addendis
843 2752 996 2836 proposui.
1039 2747 1118 2815 lllud
1234 2791 1240 2803 ·

95 2857 183 2919 facile
204 2856 405 2939 intelligitur,
430 2853 510 2931 bunc
531 2853 598 2926 cod,
617 2874 678 2919 non
695 2873 764 2917 esse
781 2853 914 2920 eiusdem
930 2851 1120 2918 auctoritatis

94 2955 127 3022 in
149 2955 276 3036 Persio,
300 2978 387 3048 qnam
410 2956 440 3019 in
462 2953 600 3020 iuvenali
623 2954 731 3031 hahet,
755 2955 834 3020 sicut
856 2976 914 3027 nee
934 2954 1120 3019 scholiorum

94 3059 126 3122 in
142 3070 269 3143 utroque
285 3069 373 3145 poeta
390 3058 495 3123 eadem
511 3055 591 3121 ratio
608 3057 701 3120 luisse
717 3056 849 3120 videtur.
882 3053 969 3137 Quae
985 3077 1035 3120 res
1051 3077 1120 3121 sae-

95 3159 160 3245 pins
183 3159 347 3225 observata
369 3170 427 3235 est,
472 3155 616 3233 Ceterum
637 3158 667 3221 iu
693 3158 761 3221 cod.
789 3153 926 3239 Sangall,
950 3176 1034 3222 saec.
1056 3153 1117 3237 lX,

95 3263 145 3347 qui
160 3263 328 3346 catalogum
344 3259 544 3325 bibliothecae
561 3259 626 3322 elus
643 3259 781 3322 continet
799 3261 845 3338 (v.
864 3256 962 3322 Orell.
980 3277 1028 3342 ep.
1047 3258 1115 3322 crit.

95 3364 133 3428 ad
163 3362 270 3428 Madv.
302 3360 452 3449 p.X1X)
480 3361 539 3426 iam
569 3372 844 3426 commemorantur
865 3359 986 3438 Persii,·
1015 3357 1122 3422 Persii

95 3475 307 3529 commentum.

180 3597 258 3663 coc.
275 3597 476 3663 bibliothecae
491 3597 612 3683 Regiae
635 3597 843 3666 Londinensia
858 3597 923 3681 (p),
949 3594 1033 3659 euius
1055 3592 1119 3676 qui·
1136 3620 1161 3671 ρ.

94 3702 220 3766 busdam
245 3702 319 3765 locis
345 3701 527 3764 mentionem
551 3701 625 3764 lacit
646 3698 816 3763 Bentleius.
864 3695 995 3762 Collatio
1019 3695 1056 3760 ah
1079 3715 1117 3759 eo

99 3806 179 3868 laeta
195 3805 277 3867 edita
293 3813 341 3867 est
356 3798 485 3866 Classis.
502 3798 608 3873 leura,
624 3798 736 3866 XVlll
752 3823 781 3885 p.
799 3797 842 3862 62
856 3820 921 3884 sqq.

179 3950 291 4018 Varias
311 3952 458 4031 lectiones
480 3951 608 4036 margini
629 3951 769 4015 editionis
790 3949 930 4014 luntiuae
952 3950 983 4013 in
1011 3947 1118 4012 biblio·
1136 3967 1166 4017 φ·

96 4059 182 4120 theca
206 4055 380 4120 Drasdensi
398 4065 539 4118 servatae
561 4053 721 4137 adscripsit
745 4049 786 4116 G.
809 4049 1042 4128 Fabricius,
1074 4052 1114 4114 cl.

94 4180 184 4242 snpra
200 4153 380 4243 pcxvttt.
410 4154 486 4221 Inde
503 4156 647 4241 quaedam
664 4155 808 4220 annotavi
824 4155 892 4242 (φ).
956 4199 958 4203 ψ

182 4308 351 4373 Potuerunt
373 4309 444 4372 talia
463 4309 549 4392 plura
570 4305 691 4391 colligi,
714 4308 768 4371 sed
791 4307 1006 4392 inscriptum,
1032 4303 1116 4368 cuius

95 4424 140 4477 tot
162 4411 250 4476 codd.
274 4412 331 4475 iam
356 4409 459 4475 collati
483 4411 566 4488 siat,
590 4430 649 4472 nou
672 4429 746 4494 opus
766 4409 804 4473 iis
826 4428 896 4474 esse
917 4406 1031 4492 putaui.
1069 4401 1116 4470 lta

1149 4642 1236 4736 Δ
