2574 5054
456 766 842 832 latusculum:
1092 798 1174 840 uxr.

154 936 217 1000 aurit
228 946 347 1021 praeter
360 937 461 1004 olium
476 950 567 1024 atque
583 959 737 1019 amorem,
761 937 928 1004 ferebatur.
959 940 1061 1027 Atque
1076 943 1146 1014 huic
1221 1022 1227 1034 p

80 1051 82 1073 ³
149 1034 248 1102 meniu
262 1039 381 1121 sulio,
404 1042 484 1125 quod
506 1061 657 1125 uunquam
680 1042 755 1106 setis
779 1041 900 1107 fortiter
918 1054 951 1107 et
965 1045 1082 1112 servile
1097 1051 1146 1133 agi

146 1137 243 1224 licique
258 1162 348 1225 posse
362 1153 466 1230 putat,
490 1144 612 1208 nimium
627 1142 700 1207 illut
716 1143 861 1224 debetur,
885 1144 964 1228 quotl
984 1145 1093 1233 ultique
1114 1151 1146 1215 iu

141 1235 272 1307 Persiaoo
288 1244 410 1312 (licentii
425 1247 514 1312 mollo
530 1246 730 1311 animadverti
745 1255 865 1331 potest,
889 1257 921 1310 et
943 1246 984 1311 ibi
1006 1270 1146 1334 praeser-

139 1342 195 1423 lin,
215 1345 288 1424 ubi,
311 1357 346 1412 ut
367 1348 426 1412 iam
448 1348 594 1413 mouitum
617 1358 684 1426 est,
713 1346 911 1412 lloratiaoum
935 1350 1053 1415 facilem
1076 1375 1145 1438 gra·

137 1445 193 1509 liam
207 1448 247 1512 ad
262 1448 324 1512 vim
340 1460 373 1516 et
386 1451 582 1516 acerbitatem
598 1448 764 1515 deflectere
784 1459 924 1514 conatur.
957 1448 1145 1538 Quamquam

135 1549 162 1612 al
184 1549 240 1614 loc
261 1549 394 1614 studium
414 1553 585 1637 augendum
605 1551 679 1616 illut
703 1572 821 1636 quoque
837 1551 983 1630 contulit,
1006 1553 1085 1635 quotl
1100 1555 1145 1618 ui·
1228 1551 1230 1554 ’

133 1650 198 1716 uiae
219 1651 360 1716 mollitiei
391 1664 423 1717 ct
451 1655 592 1719 luxuriae
614 1665 704 1737 atque
730 1653 805 1717 artis
834 1652 992 1739 pueriliter
1015 1654 1146 1722 ludentis

133 1752 342 1826 mteutalioui,
366 1776 452 1839 quam
468 1765 540 1820 tuuc
555 1755 739 1841 temporibus
754 1775 840 1839 quam
863 1755 994 1819 maxime
1013 1776 1146 1843 regnare

131 1853 153 1916 io
167 1855 281 1920 litteris
295 1855 387 1936 vidit,
411 1859 518 1943 quavis
540 1859 659 1924 ratioue
676 1857 869 1922 renitendum
884 1867 974 1940 atque
990 1858 1146 1925 obluctan-

131 1955 189 2020 lom
210 1977 283 2022 esse
306 1959 443 2045 putavit,
466 1980 524 2044 quu
545 1960 578 2024 iu
598 1981 634 2027 re
655 1970 688 2026 et
707 1960 773 2045 ipse
789 1980 855 2024 oum
871 1959 938 2024 aliis
953 1961 1072 2027 molum
1089 1983 1145 2027 ert-

131 2060 227 2124 cessit.

205 2158 300 2243 Quod
318 2181 353 2226 se
378 2164 549 2251 exemplum
569 2163 694 2229 Atticae
717 2161 891 2228 comoediae
907 2163 1049 2248 autiquae
1063 2165 1145 2249 priu-

129 2267 217 2352 cipum
240 2277 416 2332 secuturum
439 2287 508 2332 esse
530 2266 677 2350 promittit
697 2263 823 2331 Persius
845 2263 889 2349 (1,
907 2264 968 2330 123
983 2267 1083 2351 sqq),
1115 2267 1145 2331 it

128 2389 298 2453 quamquam
321 2389 383 2432 uon
399 2387 465 2433 cum
480 2365 629 2433 Passovio
652 2368 699 2452 (p.
717 2367 795 2450 107)
816 2366 997 2433 rhetoricam
1021 2369 1144 2452 liguram

128 2480 151 2534 el
172 2493 217 2536 ex
238 2468 359 2535 lloratii
381 2471 449 2535 loco
478 2471 635 2535 notissimo
663 2466 755 2553 (1,4,
773 2466 790 2531 1
808 2471 891 2554 sqq.)
917 2471 1144 2556 transscriptum

129 2572 272 2654 dixerim,
296 2585 398 2638 tamea
414 2591 455 2635 ex
469 2573 558 2637 simili
574 2593 679 2638 errore
695 2582 796 2636 uatum
815 2571 955 2651 videtur,
979 2593 1064 2656 quam
1086 2593 1145 2656 quo

128 2677 245 2756 stiram
268 2695 355 2739 suam
375 2671 554 2738 Lucilianae
575 2674 773 2758 comparavit.
808 2671 890 2738 Nam
913 2674 1051 2757 sequitur
1071 2694 1144 2739 sane

129 2774 241 2842 lloratii
262 2775 405 2842 iudicium
427 2776 465 2841 tle
487 2776 576 2841 rebus
603 2777 778 2855 litterariis,
810 2776 863 2840 sed
893 2777 972 2860 quotl
999 2772 1145 2840 Horatius

130 2877 214 2956 lixit,
240 2876 390 2943 Lucilium
406 2889 494 2943 etex
509 2889 593 2962 parte
609 2900 643 2944 se
660 2897 777 2962 quoque
793 2899 835 2943 ex
850 2877 1008 2944 comoedia
1023 2878 1145 2961 antiqua

130 2982 269 3063 pendere,
287 2999 375 3063 quam
390 3000 496 3045 verum
512 2990 607 3059 esset,
624 2981 775 3045 intellexit
791 2978 1015 3059 sauePersius,
1033 2990 1064 3044 et
1079 3000 1144 3043 oum

132 3082 228 3148 lorum
252 3083 393 3166 exempla
415 3083 551 3148 studiose
575 3083 797 3162 aemularetur,
822 3083 911 3147 eliam
928 3081 1078 3165 antiquam
1095 3102 1146 3146 co-

132 3186 270 3250 moediam
287 3185 468 3269 sequendam
491 3185 547 3249 siti
569 3203 637 3248 csse
660 3205 721 3246 uon
738 3184 835 3268 potuit
850 3203 918 3248 eum
940 3187 1057 3269 lugere.
1091 3180 1147 3246 llla

133 3305 196 3351 tera
212 3287 328 3350 satirae
342 3285 499 3353 llomauae
516 3310 582 3353 cum
604 3286 761 3352 comoedia
781 3287 902 3370 antiqua
924 3286 1084 3372 coguatio,
1109 3285 1146 3349 de

133 3407 180 3468 qua
202 3400 264 3451 mm
289 3389 412 3454 multum
428 3390 608 3475 disputatum
625 3400 672 3453 est
691 3397 721 3467 ¹,
745 3390 772 3453 si
794 3410 936 3453 summam
953 3397 1091 3472 spectes,
1115 3387 1144 3449 in

134 3488 264 3555 libertate
285 3488 337 3554 illa
359 3491 444 3572 sive,
468 3503 501 3557 ut
525 3488 678 3558 luvenalis
701 3489 926 3574 (t,153)ait,
957 3490 1146 3574 simplicitate

133 3592 263 3671 ponenda
287 3602 353 3671 est,
377 3616 434 3678 qua
456 3605 544 3680 poeta
568 3595 696 3678 siquem
719 3592 835 3678 publice
852 3594 997 3656 famosum
1014 3591 1145 3670 videbat,

135 3699 241 3762 comsit
255 3708 346 3781 atque
363 3698 539 3782 castigavit,
561 3716 630 3761 uam
647 3696 781 3780 privatae
795 3694 969 3759 inimicitiae
984 3694 1147 3777 privatum·

134 3817 165 3862 se
186 3800 287 3864 otlium
310 3820 349 3863 eo
371 3821 431 3863 nou
459 3799 655 3886 pertinebant
671 3805 702 3876 ²,
726 3816 901 3881 quamquam
933 3794 1020 3858 facile
1049 3802 1148 3876 potest

135 3897 273 3986 intelligi,
312 3922 370 3967 nec
400 3922 420 3964 a
448 3902 566 3986 privata
601 3900 792 3966 cavillatione
821 3895 1001 3961 abstinuisse
1031 3905 1146 3979 poetas.

135 3997 204 4068 'lale
225 4022 355 4089 poeseos
378 4024 473 4087 genos
497 4024 557 4067 nou
582 4003 680 4089 potuit
703 4001 822 4078 exuzoli,
852 4000 909 4062 nisi
932 3999 963 4061 iu
984 3997 1079 4060 libera
1099 4015 1147 4058 ro·

135 4105 259 4185 publica,
283 4106 335 4172 ulti
351 4106 434 4170 nulla
447 4105 544 4172 virtus
560 4105 681 4171 valebat
694 4114 816 4189 praeter
835 4100 1002 4186 publicam,
1028 4099 1076 4162 ubi
1098 4097 1147 4180 qui

138 4305 201 4358 let
220 4306 398 4371 limnaeus,
423 4278 455 4358 cle
473 4313 524 4358 sut.
543 4305 614 4358 llum.
635 4312 706 4357 auct.
726 4321 749 4372 p.
768 4305 803 4356 28
815 4319 870 4370 sqq.

136 4374 298 4428 illiscrimeu
327 4379 374 4428 lroc
400 4375 477 4427 locile
501 4377 600 4443 patebit
625 4375 726 4426 Horatii
751 4373 847 4424 satiras
873 4379 950 4438 alque
974 4371 1065 4437 cporlos
1083 4382 1149 4418 com·

164 4450 270 4509 paranti.
