2574 5054
192 808 304 852 cnxur-
525 787 885 851 Puotucottsttn.

192 956 282 1021 ducta
296 973 366 1020 esse
380 954 495 1020 scholia
510 953 664 1021 luvenalis
679 966 711 1021 et
725 954 823 1037 Persii
839 955 965 1042 probat,
982 959 1061 1042 quod
1080 955 1219 1042 Scaliger

191 1057 245 1144 (de
268 1077 303 1121 re
325 1078 474 1122 nummar.
495 1078 525 1143 p.
549 1056 605 1141 83)
633 1069 790 1145 postquam
817 1060 918 1124 attulit
943 1061 1089 1144 quaedam
1113 1061 1218 1125 evita

189 1157 290 1224 Persii
314 1180 358 1236 „a
374 1161 581 1224 vetustissimo
596 1162 791 1245 grammatico
814 1162 1013 1247 conscriptn“
1037 1161 1138 1226 addit:
1163 1161 1219 1226 Sic

192 1261 329 1327 eiusdem
355 1264 467 1347 optimi
491 1263 698 1347 grammatici
720 1265 851 1350 glossae
886 1286 908 1329 u
938 1263 1028 1328 nubib
1056 1265 1129 1327 olim
1161 1284 1218 1327 etc·

191 1374 318 1450 carptae
339 1366 371 1428 in
393 1374 456 1428 sat.
481 1364 558 1429 IIII
575 1364 614 1428 de
637 1364 782 1450 Crispino
805 1376 952 1442 oratore,
977 1385 1053 1450 qnae
1073 1368 1110 1429 ad
1128 1363 1218 1430 luve-

191 1467 270 1532 nalis
284 1477 344 1531 sat.
362 1465 407 1532 IV
422 1468 584 1552 pertinent.
613 1464 746 1533 Videtur
759 1465 926 1547 Pithoeus,
950 1489 1017 1532 cum
1039 1469 1071 1531 in
1093 1468 1217 1533 scholiis

191 1570 230 1634 ad
245 1567 385 1634 Persium
403 1569 548 1634 minorem
564 1591 666 1634 curam
685 1581 834 1655 poneret,
858 1570 935 1636 haec
955 1591 973 1635 e
996 1570 1118 1654 schedis
1142 1569 1218 1635 Sca·

190 1670 279 1756 ligeri
303 1671 455 1749 edidisse,
478 1671 508 1735 id
531 1673 610 1755 qnod
632 1673 740 1737 suadet
766 1672 896 1738 obscura
918 1674 1015 1749 ratio,
1040 1674 1156 1756 quade
1179 1674 1217 1738 iis

190 1773 342 1857 loquitur,
368 1774 476 1838 namsi
493 1794 557 1838 rem
573 1774 743 1839 accuratius
759 1786 947 1860 perspectam
965 1773 1137 1853 habuisset,
1154 1796 1218 1839 non

191 1876 296 1941 dubito
325 1877 397 1960 qnin
427 1877 601 1963 diligentins
632 1879 669 1942 de
700 1898 737 1942 ea
765 1878 971 1963 exposuisset.
1011 1874 1155 1942 Ceterum
1185 1878 1218 1941 in

191 1981 310 2044 edendo
331 1977 486 2045 luvenalis
508 1981 672 2045 scholiasta
693 1992 819 2067 praeter
844 1981 973 2046 schedas
1003 1976 1218 2066 Scaligeranas

191 2083 327 2148 codicem
349 2082 445 2168 ipsnm
471 2082 508 2145 ab
525 2104 562 2148 eo
579 2084 679 2148 denno
694 2082 856 2147 adhibitum
872 2103 940 2148 esse
956 2083 1049 2147 credo
1068 2091 1090 2146 ¹.

249 2181 1219 2270 CornuticommentariusprimnmeditnsestVenetiisiorma

190 2308 298 2373 magna
319 2309 349 2351 a.
376 2286 472 2352 1499.
517 2287 603 2354 Haec
626 2288 719 2373 editio
741 2289 774 2352 in
795 2289 883 2352 titulo
907 2287 1033 2352 exhibet
1055 2289 1217 2371 imaginem

190 2400 258 2456 arte
279 2389 497 2476 xylographica
519 2410 717 2475 expressam,
750 2390 780 2453 in
806 2411 862 2474 qna
886 2391 985 2455 media
1007 2391 1096 2455 sedet
1114 2387 1217 2454 PER·

192 2488 288 2558 SlVS
310 2493 465 2557 laureatos
487 2493 517 2557 in
539 2493 682 2558 cathedra
698 2512 807 2558 versus
823 2493 953 2570 iaciens,
977 2493 1015 2555 ad
1032 2492 1171 2557 dextram
1188 2493 1218 2558 ei

191 2595 279 2660 sedet
295 2590 538 2661 CORNVTVS
553 2595 699 2660 volumini
715 2596 816 2680 pluteo
828 2593 966 2679 imposito
983 2595 1217 2659 commentarios

189 2697 381 2774 inscribens,
405 2697 444 2760 ad
468 2697 553 2762 cuins
576 2698 654 2762 latus
675 2697 835 2762 armarium
857 2696 965 2779 parieti
986 2696 1106 2760 affixum
1121 2697 1217 2762 variis

189 2798 276 2864 libris
304 2799 425 2884 plenum
457 2799 660 2882 conspicitur,
694 2801 732 2864 ad
761 2798 914 2864 sinistram
944 2795 1045 2862 Persii
1075 2799 1133 2861 dno
1157 2799 1217 2864 viri

190 2897 330 2966 Cornuto
352 2899 465 2966 similes
487 2901 649 2965 scribendo
671 2904 815 2967 sedentes
838 2921 960 2986 operam
986 2900 1077 2979 dant,
1108 2900 1217 2985 quibus

191 3002 395 3088 superscripta
417 3003 539 3067 nomina
561 3015 651 3069 sunt:
675 3000 734 3069 10.
759 2999 844 3068 Bm.
865 3001 967 3067 BAR.
989 2998 1093 3066 FON.
1131 3000 1218 3068 lnlra

189 3105 319 3192 legitur:

274 3206 445 3274 Persius
468 3231 550 3275 cnm
573 3208 705 3274 tribus
728 3206 1038 3274 commentariis.

276 3307 448 3376 Cornuti
484 3310 726 3398 phylosophi
761 3311 1175 3409 eins-praeceptoris

774 3409 998 3479 cometarii.

276 3513 444 3580 loannis
478 3511 705 3580 Britannici
738 3512 926 3579 Brixiani
957 3498 1214 3578 comentarii.

275 3614 521 3681 bartolomei
550 3613 694 3681 Poncii
717 3601 971 3681 cementarii.

189 3717 226 3782 ln
241 3719 300 3784 fine
316 3719 478 3783 voluminis
494 3719 569 3783 haec
584 3719 743 3802 leguntur:
775 3714 941 3803 Impreii
947 3739 1003 3781 nm
1026 3714 1217 3782 Venetiis

193 3818 339 3906 lumptn
362 3819 664 3905 diligentissimi
685 3821 763 3885 oiri
785 3818 947 3885 loannis
971 3822 1015 3884 de
1032 3816 1214 3883 Tridino.

190 3921 350 3988 Annos
387 3923 517 3987 natali
545 3921 770 3987 christiano
790 3919 795 4007 Ι
816 3918 861 3985 Μ.
895 3917 1039 3986 CCCC.
1068 3917 1214 3993 XCIX.

189 4019 260 4086 Die
282 4043 387 4090 nero.
410 4021 506 4089 llll.
536 4023 660 4090 blesis
688 4023 905 4088 Nouebris.
929 4021 1140 4109 Regnante
1161 4024 1216 4087 in-

191 4125 298 4212 clyto
343 4147 386 4191 ac
428 4126 941 4212 ioelioissimolprincipe
984 4126 1217 4210 Augustino

191 4350 204 4403 l
225 4347 315 4401 Totam
339 4363 391 4400 rem
418 4349 542 4413 scaligeri
568 4350 720 4402 calumniam
739 4366 813 4414 csse,
841 4364 890 4400 non
908 4364 1012 4416 possum
1031 4346 1153 4399 Cremero
1172 4349 1216 4414 (ad

222 4418 306 4470 schol.
325 4417 380 4470 lov.
396 4434 420 4484 p.
435 4419 462 4482 b)
481 4421 622 4485 assentiri,
645 4427 673 4471 nt
692 4421 752 4471 olim
771 4420 822 4470 iem
840 4419 895 4470 dixi
915 4417 940 4468 in
959 4418 1071 4484 epistola
1088 4418 1121 4469 ad
1142 4417 1219 4470 Orel-

224 4487 285 4539 tium
303 4487 446 4552 (Zeitscbr.
466 4486 484 4540 l.
504 4487 693 4541 Alterthswiss.
713 4503 739 4540 ι.
760 4487 827 4543 itte
845 4503 871 4557 ρ.
892 4486 1032 4555 dultin).
