2574 5054
203 714 268 782 2⁰4
543 717 626 779 SAT.
642 719 678 791 V,
701 721 892 783 140-149.

209 893 288 951 1023
319 889 403 967 „Ego
417 908 469 947 vos
484 891 512 946 in
528 886 597 948 duas
613 891 667 946 iam
682 888 772 966 pelles
792 891 957 960 coniiciam,
971 888 1138 968 vinctosque
1153 884 1222 947 loris

206 976 281 1034 inter
294 977 464 1035 vestimenta
479 993 530 1052 pro
546 976 665 1033 sarcinis
681 974 824 1043 habebo,“
840 975 880 1033 ib.
891 977 1003 1053 intpp),
1026 983 1058 1032 et
1077 974 1221 1052 oenopho-

207 1078 289 1130 rum,
312 1080 392 1138 quern
416 1063 493 1118 sarri
516 1061 600 1118 eliam
622 1057 695 1138 apud
717 1058 816 1117 Horat.
843 1071 897 1119 sat.
919 1059 941 1130 l,
964 1063 994 1130 6,
1019 1061 1079 1121 109
1099 1068 1222 1137 portant.

210 1146 298 1204 Ocius
313 1147 356 1203 ad
373 1149 496 1203 nacerat
518 1145 632 1204 clamas.
661 1145 749 1203 Nihil
763 1144 878 1216 obstat,
896 1147 966 1223 quia
982 1143 1069 1203 trabe
1080 1145 1100 1202 i.
1117 1163 1144 1202 e.
1159 1145 1223 1202 navi

208 1230 290 1301 (lior.
308 1249 394 1288 carm.
410 1230 432 1300 l,
451 1236 478 1301 1,
496 1235 545 1292 13.
561 1230 619 1290 luv.
635 1229 713 1300 XIV,
728 1233 802 1301 276)
826 1241 910 1289 vasta
933 1233 1086 1307 Aegaeum
1108 1231 1223 1307 rapias,

208 1325 239 1373 ut
254 1334 354 1393 rapere
370 1335 497 1393 campum
514 1314 599 1388 (Stat.
616 1313 687 1375 Silv.
703 1315 740 1385 V,
757 1319 805 1386 3),
827 1318 888 1374 nasi
908 1317 1029 1374 luaurt’a
1051 1315 1157 1373 sollers
1177 1333 1223 1372 se·

208 1401 326 1459 ductam
347 1399 394 1472 (ll,
409 1403 444 1479 4)
467 1411 599 1461 moneat:
631 1402 694 1476 Quo
715 1401 819 1458 detiade
838 1402 940 1460 insane
959 1401 1048 1459 roas?
1081 1400 1120 1458 ei.
1142 1398 1224 1476 Virg.

81 1534 84 1541 ,
207 1484 281 1544 Aen.
304 1484 341 1556 V,
362 1491 441 1548 741:
465 1486 527 1558 Quo
551 1483 651 1545 deinde
674 1488 752 1544 ruisi
780 1483 927 1546 Claudiae.
950 1487 978 1543 in
1000 1484 1090 1543 Rufin.
1105 1484 1128 1555 l,
1147 1487 1224 1547 196:

209 1569 271 1643 Quo
294 1590 399 1630 vesane
422 1573 500 1630 ruisi
522 1570 606 1649 Prop.
622 1570 649 1630 V
666 1571 785 1651 [lV],·l,
801 1576 858 1633 71:
882 1572 943 1644 Quo
966 1571 1024 1629 ruis
1045 1567 1227 1648 impendeant

210 1657 321 1715 Deinde
335 1656 553 1734 indignationem
570 1667 599 1716 et
615 1657 818 1716 vehementiam
835 1657 976 1735 exprimit,
997 1652 1136 1715 ciliani.
1153 1655 1227 1714 'l'ur-

210 1742 272 1800 sell.
289 1741 315 1800 ll
331 1762 360 1821 p.
377 1747 449 1805 247.
475 1744 553 1818 (laid
571 1743 628 1801 tibi
647 1745 715 1802 aas?
735 1744 920 1822 vituperantis
945 1753 1008 1812 est,
1030 1762 1057 1800 v.
1074 1738 1174 1801 lleiatl.
1190 1738 1226 1799 ad

210 1826 278 1885 lior.
302 1838 356 1885 sat.
379 1827 401 1896 l,
423 1833 454 1899 2,
477 1831 527 1891 09.
568 1829 673 1887 Calido
694 1828 750 1887 sub
770 1838 890 1904 pectore
916 1830 1055 1887 autereut't
1080 1828 1225 1897 mascula,

210 1911 337 1983 robusta,
353 1913 420 1971 bilis
434 1915 462 1971 h.
478 1934 505 1972 e.
522 1915 645 1984 insanis,
661 1934 725 1972 nam
741 1913 803 1971 bilis
822 1915 950 1972 insaniae
966 1933 1052 1972 caasa
1070 1913 1228 1973 habebatur

211 1997 265 2077 (ci.
283 1996 351 2056 Sea.
367 2018 431 2077 epp.
447 1996 550 2068 XCIV,
568 2004 623 2061 17:
649 1999 718 2058 Bilis
733 2000 814 2076 nigra
827 1996 951 2058 curanda
967 2009 1012 2057 est
1028 2008 1057 2057 et
1072 2001 1132 2077 ipsa
1149 1999 1229 2057 iuro·

210 2085 251 2141 ris
267 2102 353 2142 causa
368 2083 569 2155 removenda),
591 2104 671 2164 quarn
688 2085 798 2144 curavit
813 2086 929 2155 cicuta,
952 2103 1024 2163 quae
1040 2085 1124 2142 nimio
1139 2083 1228 2143 calori

212 2178 352 2246 temperat
374 2168 457 2249 (Plio.
480 2170 574 2241 XXV,
593 2174 642 2241 13,
657 2174 698 2233 95
720 2170 757 2229 el.
773 2169 870 2228 llorat.
887 2190 950 2247 epp.
968 2168 1002 2238 ll,
1019 2173 1048 2240 2,
1066 2172 1130 2246 53).
1166 2168 1232 2228 rili

212 2263 291 2312 torta
307 2255 459 2326 cannabe,
477 2255 655 2327 rudentibus,
663 2254 748 2334 salto
763 2255 807 2334 (ut
822 2265 885 2312 toro
901 2255 985 2313 fultas
1001 2253 1116 2324 luv.lll,
1132 2259 1173 2316 82
1189 2254 1228 2311 ei.

212 2337 302 2397 Plaut.
318 2337 408 2398 Stich.
424 2340 445 2408 l,
461 2345 491 2411 2,
508 2340 563 2419 37)
587 2359 677 2400 coena
698 2343 740 2400 sit
759 2343 789 2398 iu
807 2346 961 2399 transtro?
982 2339 1137 2411 Transtra,
1153 2350 1229 2398 teste

212 2424 314 2490 Pesla,
337 2435 366 2483 et
381 2425 493 2485 tabulae
510 2429 618 2485 navium
634 2425 800 2485 dicebantur
814 2437 845 2483 et
861 2427 955 2502 tigna,
979 2445 1051 2504 quae
1066 2445 1104 2483 ex
1119 2426 1230 2504 pariete

212 2510 240 2567 in
257 2511 392 2587 parietem
408 2512 604 2589 porriguntur,
629 2511 699 2571 baec
716 2512 743 2569 lo.
760 2512 778 2569 l.
794 2511 993 2588 intelligenda,
1013 2522 1044 2568 ut
1058 2510 1141 2588 Virg.
1155 2509 1231 2569 Aen.

213 2594 262 2665 lV,
279 2599 355 2656 573:
373 2595 516 2655 Considiae
531 2598 673 2655 transtris.
700 2597 781 2655 otta
797 2603 836 2669 (ν.
845 2594 934 2673 llgen.
953 2597 1064 2654 animm.
1079 2596 1107 2653 in
1124 2595 1231 2673 Copam

213 2700 240 2758 p·
257 2679 327 2758 31),
350 2690 380 2738 ut
401 2680 478 2741 Non.
495 2682 520 2741 ll
535 2702 559 2740 s.
575 2703 602 2740 v.
624 2683 697 2742 obba
719 2681 801 2750 dicit,
827 2681 920 2759 poculi
936 2700 1026 2758 genus
1042 2679 1185 2760 (Cassiod.
1204 2702 1231 2758 p.

213 2768 297 2827 2304
313 2764 346 2823 P.
364 2766 458 2837 obba,
474 2763 628 2849 ποτήριον)
644 2779 723 2839 erat,
738 2778 770 2825 ut
784 2766 855 2825 idem
871 2768 962 2825 relect
977 2765 1043 2843 (Xll
1055 2786 1114 2824 s.v.
1129 2765 1230 2836 obba),

212 2850 258 2909 vel
275 2851 395 2928 ligneam
412 2852 456 2910 vel
472 2863 631 2930 exsperto.
662 2851 821 2912 Secundam
843 2851 989 2910 Philoxeni
1005 2852 1095 2929 gloss.
1118 2851 1232 2922 (otta,

213 2928 304 3013 ἄμβιξ
312 2980 323 3008 ,
346 2933 377 2994 ἐν
397 2930 421 3015 ᾧ
439 2934 502 3006 τοῖς
516 2935 634 3018 νεκροῖς
654 2935 846 3015 σπένδουσιν)
862 2937 1012 2996 utebantur
1027 2956 1060 2996 ea
1076 2937 1103 2994 in
1120 2936 1234 2996 silicer-

89 3086 92 3093 ,
212 3022 277 3091 niis,
293 3041 409 3100 quocum
425 3023 761 3082 eonsentitTertullianus
779 3023 907 3100 (apolog.
928 3024 997 3100 13):
1020 3019 1113 3093 „Quid
1129 3020 1164 3080 ad
1181 3022 1234 3100 ho·

214 3105 355 3165 uorandos
372 3106 441 3165 deos
458 3109 568 3179 facitis,
589 3106 662 3186 quod
678 3128 731 3165 non
748 3111 831 3166 etiam
848 3110 964 3165 mortuis
978 3109 1083 3165 vestris
1098 3108 1234 3166 coniers⁴

214 3192 380 3272 tisi-quo
396 3191 489 3251 differt
504 3192 539 3251 ab
555 3194 638 3270 epulo
654 3193 728 3252 lovis
744 3194 936 3251 silicernium?
950 3213 967 3250 a
982 3192 1100 3270 simpulo
1115 3193 1233 3251 obbai“

214 3276 271 3336 lam
293 3297 363 3336 vero
386 3278 458 3356 quod
474 3272 565 3354 ἄμβιξ
580 3277 696 3347 dicitur,
720 3277 824 3336 Plinius
841 3278 947 3350 (XXX,
963 3283 993 3347 8,
1009 3277 1063 3356 41)
1079 3297 1096 3337 e
1111 3277 1235 3336 Diosco-

214 3359 276 3420 ride
291 3372 406 3421 vertens
423 3363 473 3441 (V,
492 3366 566 3439 110)
582 3358 696 3440 dippeus
710 3365 853 3437 expressit
867 3383 919 3441 per
934 3363 1074 3432 calicem,
1097 3373 1127 3421 et
1141 3363 1235 3421 Athe-

214 3466 303 3506 naeus
327 3446 382 3526 (Xl
397 3468 423 3525 p.
439 3452 501 3510 480
518 3448 568 3525 D.)
589 3447 658 3506 dicit
680 3447 863 3525 φοξίχειλος·
895 3444 914 3521 ἡ
937 3447 979 3516 εἰς
998 3442 1051 3517 lto
1071 3442 1233 3524 ἀνηγμένη,

216 3528 276 3591 olol
291 3530 366 3590 sicco
382 3534 410 3591 oi
426 3527 551 3610 ἄμβικες
571 3528 747 3609 καλούμενοι
763 3533 812 3611 (cl.
829 3533 869 3591 lV
883 3554 910 3612 p.
930 3537 988 3594 152
1006 3531 1063 3610 (1.).
1087 3531 1157 3590 ilina
1171 3552 1236 3591 ses·

214 3617 281 3675 silis
296 3629 429 3687 vocatur,
452 3619 516 3696 quia
533 3619 634 3676 latiore
651 3616 736 3676 tundo
752 3618 903 3688 instructa,
924 3617 996 3676 bene
1013 3615 1112 3687 sedet,
1127 3627 1158 3675 nt
1174 3619 1236 3696 pira

215 3702 313 3760 similis
329 3701 437 3760 formae
452 3723 469 3760 a
486 3701 575 3761 Plinio
592 3703 668 3775 (XV,
687 3708 736 3773 15,
755 3707 806 3778 16)
823 3705 934 3761 sessilia
950 3704 1116 3781 apellantur.
1145 3699 1236 3762 Cete-

216 3805 276 3846 rum
293 3786 399 3846 Gellius
416 3787 508 3864 (XVl,
523 3789 556 3866 7)
572 3788 663 3848 ottae
681 3787 845 3847 vocabalum
862 3790 937 3846 inter
951 3807 985 3846 ea
1002 3797 1146 3859 numerat,
1163 3807 1237 3867 qnae

216 3871 492 3931 Laberiusobsoleta
502 3874 752 3932 etmaeulantiaex
767 3872 924 3931 sordidiore
939 3874 1016 3949 vulgi
1032 3892 1083 3931 usu
1098 3862 1238 3951 posuerit.

216 3956 259 4016 Ea
281 3959 407 4016 ealalat
428 3961 637 4032 Vescularium,
664 3959 826 4017 vilissimum
842 3960 934 4017 vinum
952 3958 1065 4037 (Horat.
1082 3968 1135 4016 sat.
1152 3956 1189 4026 ll,
1205 3961 1237 4028 3,

220 4047 289 4104 143.
310 4043 394 4101 lllart.
418 4043 452 4114 ll,
476 4048 525 4114 53,
549 4043 646 4113 t.111‚
669 4046 740 4114 49),
776 4045 921 4103 rabellum
947 4064 964 4102 a
987 4044 1084 4102 colore
1107 4053 1237 4101 vocatum

218 4127 303 4205 (Plio.
321 4128 397 4197 XIV,
412 4133 443 4199 2,
458 4134 488 4190 4.
511 4129 601 4187 lllarc.
622 4129 728 4207 Empir.
744 4133 816 4201 29),
839 4141 870 4187 ut
886 4131 1076 4187 Veientanum
1092 4128 1238 4187 rubellum

219 4214 302 4271 etiam
319 4211 392 4290 apud
402 4213 559 4273 Martialem
568 4213 605 4295 (1,
617 4219 686 4285 103,
697 4216 741 4293 9),
757 4216 878 4293 vapida,
896 4217 949 4272 iam
958 4224 1092 4291 corrupta
1101 4223 1141 4286 (v.
1154 4218 1239 4284 115),

131 4333 137 4342 -
213 4299 411 4377 pe'eclaesum,
426 4299 569 4368 infectam,
585 4320 641 4379 qua
655 4298 691 4359 ad
706 4299 873 4360 servandam
889 4303 981 4358 vinum
991 4300 1142 4358 utebantur
1154 4297 1238 4370 (Plin.

99 4376 107 4389 ⁵
217 4382 295 4456 XlV,
316 4387 367 4454 21,
390 4388 454 4459 27).
494 4385 573 4470 Quid
589 4387 685 4465 petis,
710 4395 744 4444 ut
761 4387 889 4458 nummi,
920 4405 990 4464 quos
1014 4386 1062 4444 ltt'e
1085 4385 1240 4444 nutrieras
