2574 5054
643 750 726 813 SAT.
741 751 776 814 ΙΙ.

569 953 839 1018 SATIRAll.

281 1092 361 1168 Quod
383 1096 412 1153 in
441 1094 546 1154 scholis
575 1094 802 1176 philosophorum
828 1095 995 1175 saepissime
1017 1094 1214 1175 disputabatur

195 1190 388 1259 argumentum
405 1181 441 1238 de
452 1181 610 1258 procidus,
636 1179 663 1240 id
686 1181 740 1241 lac
762 1183 850 1240 satira
869 1182 908 1240 ita
923 1191 1026 1239 tractat
1042 1180 1169 1253 Persius,
1185 1190 1217 1240 ut

197 1265 346 1326 luculentis
366 1264 530 1344 quibusdum
546 1267 685 1345 exemplis
707 1267 846 1339 hominum
869 1266 1002 1345 vulgares
1018 1285 1133 1326 errores
1149 1285 1215 1345 per·

196 1352 325 1429 stringat.
362 1349 522 1430 Alloquitur
540 1352 568 1409 in
583 1352 720 1431 principio
735 1351 907 1423 Macrinum,
930 1353 975 1410 cui
997 1351 1069 1411 diem
1094 1352 1215 1410 natalem

196 1436 353 1496 celebranti
368 1455 406 1494 ex
420 1453 498 1495 more
521 1437 667 1515 epistolam
682 1438 783 1508 mittit,
812 1447 896 1517 atque
922 1434 998 1507 inde,
1028 1435 1102 1518 quod
1132 1455 1216 1515 egre-

147 1591 150 1601 ·
196 1523 271 1602 gium
286 1524 374 1581 virum
389 1541 443 1580 noo
460 1522 513 1580 nisi
527 1522 600 1580 bona
623 1531 759 1602 rectaque
774 1541 791 1579 a
806 1520 860 1581 diis
875 1523 958 1580 etiam
973 1523 1059 1581 natali
1074 1520 1139 1594 die,
1160 1541 1215 1601 quo

196 1608 370 1688 potissimum
385 1618 452 1665 vote
467 1606 719 1685 nuncupabantur,
744 1626 866 1686 poscere
881 1606 966 1678 dicit,
987 1608 1092 1666 initium
1109 1609 1215 1667 satirae

198 1694 282 1752 sumit
304 1699 342 1766 (v.
368 1697 487 1764 i-l).
527 1692 627 1772 Neque
650 1693 723 1751 onim
739 1693 866 1773 plerique
883 1693 1022 1751 hominum
1043 1694 1083 1751 ita
1100 1693 1216 1761 iaciunt,

196 1796 295 1838 verum
310 1796 406 1836 corono
430 1776 586 1836 hominibus
609 1777 719 1857 quidem
742 1780 815 1837 iusta
839 1797 872 1837 ac
896 1777 973 1836 licita
996 1787 1108 1858 petunt,
1129 1778 1216 1835 tacita

198 1881 267 1923 vero
282 1873 376 1922 mente
391 1872 422 1920 ut
436 1860 547 1920 divitias
562 1864 719 1942 acquirant,
734 1863 780 1922 vel
795 1864 957 1942 propinquis
980 1873 1097 1922 mortem
1118 1872 1218 1942 optant

199 1957 239 2023 (v.
255 1951 384 2018 5-14).
405 1946 499 2026 Atque
515 1947 586 2007 haec
601 1958 667 2006 vots
683 1959 781 2007 soocta
801 1967 868 2007 esse
883 1956 991 2026 putant,
1007 1950 1031 2006 si
1046 1948 1216 2007 cerimonias

198 2032 332 2112 quasdem
348 2032 432 2091 anxie
454 2032 595 2091 coluerint
615 2039 656 2106 (v.
676 2037 715 2094 15
731 2037 806 2113 sq),
830 2032 913 2091 iidem
936 2043 1029 2091 tomen
1051 2031 1150 2091 eadem
1166 2050 1217 2090 ne·

198 2118 265 2176 mini
279 2117 418 2176 hominum
433 2119 609 2176 committere
625 2114 777 2187 auderent,
794 2137 865 2197 quae
881 2138 898 2176 a
913 2115 968 2175 diis
983 2127 1147 2197 precantur,
1163 2135 1218 2195 qua

199 2222 242 2274 re,
257 2203 381 2281 quumvis
397 2212 518 2279 negent,
540 2201 692 2262 ostendunt
706 2213 815 2274 mineo,
831 2203 904 2261 inira
920 2202 1132 2261 homuncionum
1149 2221 1218 2261 cen-

199 2306 259 2347 sum
276 2285 346 2346 deos
369 2285 467 2345 haberi
484 2295 521 2361 (v.
541 2291 688 2360 17-30).
726 2287 823 2368 ltaque
840 2288 1004 2346 stultissima
1025 2306 1172 2367 quaeque,
1187 2295 1219 2345 et

200 2372 303 2453 qualia,
320 2373 343 2430 si
359 2391 376 2430 a
391 2369 445 2429 diis
457 2370 601 2444 darentur,
616 2369 827 2452 haudquaquam
837 2373 921 2431 saluti
937 2371 1089 2443 essent,als
1104 2374 1138 2430 iis
1154 2392 1218 2431 eum

200 2458 401 2537 superstitione
422 2467 556 2536 petuntur
577 2464 616 2529 (v.
632 2461 789 2528 :tt-tum
816 2477 913 2517 verum
929 2477 1001 2537 quoe
1018 2467 1063 2517 est
1077 2456 1218 2516 lominum

200 2542 327 2614 amititia,
343 2541 406 2600 dum
421 2550 487 2600 vota
503 2541 555 2601 diis
571 2554 741 2623 nuncupant,
756 2545 837 2603 itase
852 2553 966 2621 gerunt,
982 2544 1072 2622 utipsi
1087 2541 1219 2621 perdant,

200 2647 272 2708 quae
288 2636 395 2706 petunt.
418 2628 471 2700 Qui
487 2626 588 2687 bonnm
604 2627 790 2687 valetudinem
807 2639 896 2707 optat,
913 2629 1003 2706 epulis
1019 2629 1129 2706 opimis,
1146 2646 1216 2708 quas

198 2714 228 2773 iu
244 2713 391 2771 sacrificiis
406 2713 529 2781 instruit,
545 2732 607 2772 eam
624 2715 778 2791 corrumpit
793 2720 831 2787 (ν.
847 2718 1004 2783 41-43),
1019 2715 1066 2793 qui
1081 2713 1218 2791 gregibus

199 2799 304 2859 laetum
326 2808 491 2877 proventum
511 2800 599 2877 petit,
624 2801 649 2856 is
672 2800 748 2877 ipses
764 2816 870 2876 greges
885 2809 991 2857 mactat
1006 2806 1044 2872 (v.
1061 2798 1217 2876 tlt-51).

201 2882 279 2943 llaec
294 2902 333 2942 ex
347 2902 383 2942 eo
399 2901 498 2942 errore
515 2885 692 2962 proveniunt,
707 2882 780 2964 quod
796 2883 922 2942 homines
937 2903 1039 2962 pravas
1054 2902 1122 2942 suns
1138 2884 1218 2962 cupi·

199 2966 304 3029 ditatus
318 2966 372 3026 diis
387 2968 539 3049 ailioguot3
558 2971 618 3028 auri
634 2988 718 3028 sacra
733 2970 823 3028 lomes
836 2969 976 3027 hominum
992 2970 1098 3027 animos
1114 2980 1219 3040 movet,

199 3053 265 3114 inde
280 3053 333 3112 diis
349 3072 460 3134 quoque
472 3055 539 3112 nihil
555 3056 664 3133 gratius
680 3073 747 3113 esse
762 3065 870 3133 putant,
886 3053 1058 3133 deorumque
1080 3055 1218 3132 imagines

200 3139 350 3210 deaurent,
365 3150 397 3197 ut
410 3149 540 3197 votorum
563 3149 708 3218 compotes
725 3140 792 3198 liunt
808 3146 846 3214 (v.
863 3143 1019 3211 52-58);
1047 3140 1218 3219 haeretque

200 3226 326 3285 luxuries
348 3223 475 3283 homines
498 3227 624 3304 corrupit
646 3235 676 3283 et
695 3225 836 3305 antiquam
859 3225 1065 3302 simplicitatem
1094 3225 1179 3283 etiem
1201 3242 1218 3282 e

199 3311 312 3390 templis
328 3309 445 3388 expulit,
461 3310 561 3390 suique
575 3311 635 3368 vitii
650 3311 834 3368 instrumenta
849 3307 901 3368 diis
918 3329 1029 3390 quoque
1050 3329 1134 3368 saera
1150 3328 1218 3368 esse

200 3397 303 3466 uoluit3
326 3396 402 3475 atqui
422 3392 477 3453 diis
496 3396 762 3474 pretiosissimorum
786 3393 921 3454 donorum
944 3392 1017 3454 laud
1037 3397 1127 3453 maior
1149 3413 1218 3453 usus

200 3492 256 3553 est,
272 3499 353 3562 qoem
369 3479 543 3549 frivolorum,
558 3499 631 3560 quae
647 3480 693 3562 pia
705 3481 870 3558 superstitio
886 3477 998 3539 dedicat
1013 3488 1052 3554 (v.
1069 3483 1218 3552 ott-7⁰).

200 3566 265 3628 Non
281 3575 346 3625 sont
367 3563 498 3636 divitiae,
520 3583 592 3646 quoe
608 3564 660 3624 diis
681 3565 811 3645 placent,
841 3563 893 3624 sed
915 3584 985 3644 pura
1009 3584 1089 3625 mens
1113 3576 1142 3624 et
1156 3566 1220 3644 pius

200 3662 373 3730 sanctusque
389 3651 496 3709 animus
513 3656 551 3722 (v.
568 3654 723 3722 71-75);
754 3651 793 3709 ita
814 3648 888 3709 unde
917 3652 1023 3709 initium
1049 3650 1161 3722 habuit,
1184 3669 1220 3708 eo

200 3734 364 3815 regreditur
377 3737 479 3795 oratio.
510 3734 607 3795 Facile
629 3737 816 3814 perspicitur,
840 3737 912 3795 haee
935 3736 1027 3795 omnia
1043 3746 1122 3795 arcte
1146 3737 1221 3794 inter

198 3842 232 3887 sa
247 3821 421 3893 cohaerere,
446 3821 570 3900 momnis
585 3820 704 3899 abrupte
720 3822 830 3899 singule
852 3823 984 3898 posuisse
1005 3818 1136 3880 videatur
1150 3820 1220 3880 Per-

200 3908 271 3978 sius,
286 3924 424 3986 unumque
439 3907 467 3963 in
482 3904 609 3965 omnibus
624 3906 731 3977 inesse,
745 3903 896 3984 iudignum,
913 3925 994 3985 quam
1010 3903 1046 3965 de
1061 3904 1115 3964 diis
1130 3904 1221 3964 lomi·

201 4012 253 4052 nes
268 3991 376 4050 hebere
401 3990 521 4064 soleant,
538 3991 717 4061 sententiam,
733 4012 815 4071 quam
831 4012 868 4050 ex
885 3992 1005 4071 propriis
1021 3989 1219 4069 cupiditatibus

201 4088 286 4158 atque
301 4077 376 4136 vitiis
391 4076 444 4135 sibi
454 4077 585 4147 formant,
602 4077 706 4135 iontem
723 4096 790 4136 esse
799 4095 907 4147 eorum,
922 4096 994 4157 quoe
1010 4087 1066 4135 tam
1083 4095 1219 4156 perverse

201 4173 364 4241 precentur.
407 4161 540 4221 Ceterum
555 4162 600 4220 hic
616 4181 726 4242 quoque
740 4163 856 4240 proprio
876 4164 965 4221 virtus
987 4160 1123 4221 Persicus
1146 4162 1222 4220 inest

201 4250 228 4307 in
250 4246 369 4326 singulis
392 4249 529 4324 exemplis
551 4245 690 4305 advitam
713 4246 901 4326 quotidianam
924 4267 986 4306 eum
1014 4247 1161 4325 diligentie
1191 4257 1220 4305 ot

201 4344 281 4403 arte,
304 4351 376 4411 quae
399 4334 580 4392 minutissima
603 4351 714 4413 quoque
741 4343 874 4392 eccurete
898 4331 1040 4413 depingit,
1071 4333 1219 4393 verissime

201 4438 357 4498 expressos.
