2574 5054
212 736 277 809 328
450 738 585 805 66601..
606 742 661 805 ΑΙ)
684 741 767 805 SAT.
788 742 826 817 V,
846 745 995 808 68-67..

213 933 319 976 umes.
345 913 402 975 Vel
416 912 482 995 quie
497 910 628 975 dicuntur
640 912 808 993 chiragricis
822 910 930 993 lepidos
944 913 1021 973 inter
1034 922 1129 984 artus,
1144 906 1176 970 id
1191 921 1241 972 cst

213 997 417 1072 intercoelos,
440 1000 532 1062 exire.
565 998 655 1060 Artos
682 1001 756 1060 enim
771 1000 896 1060 membre
921 1009 986 1058 suot
1007 999 1131 1068 maiore,
1159 995 1237 1058 unde

215 1086 340 1146 articuli
352 1083 435 1158 dicti,
466 1086 513 1166 qei
526 1084 640 1144 morbus
655 1104 719 1146 eum
733 1104 831 1144 menos
851 1085 991 1155 tenuerit,
1013 1085 1074 1143 cios
1091 1081 1194 1142 bomon
1207 1083 1238 1142 in

213 1169 322 1251 lapides
344 1172 537 1242 convertitur,
559 1181 589 1230 et
610 1169 715 1249 digitos
737 1171 843 1248 trangit
864 1189 899 1230 se
922 1179 1068 1229 tortuosos
1089 1169 1180 1242 iecit,
1205 1179 1238 1227 ut

215 1258 272 1316 sint
286 1255 393 1315 similes
409 1257 492 1314 tortis
507 1275 541 1315 sc
556 1256 701 1315 veteribus
724 1257 809 1316 remis
825 1256 902 1336 'legi

302 1345 354 1404 60.
381 1342 461 1400 i'unc
475 1359 591 1401 crassos
608 1343 751 1401 transisse
767 1342 841 1400 does.
874 1339 931 1399 Per
944 1336 1189 1419 intemperantiam
1206 1348 1238 1397 ct

215 1423 356 1488 libidinem
379 1424 448 1486 dicit
468 1425 596 1486 bomines
618 1423 727 1486 debiles
750 1427 812 1486 lieri
834 1437 865 1486 et
888 1444 956 1485 sero
976 1427 1104 1484 vitiorum
1119 1442 1237 1482 suerum

214 1512 416 1593 poenitentium
437 1511 639 1590 vellespere:
676 1531 748 1592 quse
777 1512 845 1571 vitia
867 1509 1019 1570 emendare
1041 1509 1171 1569 volentes
1193 1509 1238 1567 in·

215 1606 347 1678 gemunt,
374 1593 525 1677 quodiam
545 1607 690 1657 unusnets
711 1594 822 1657 meliori
848 1596 906 1656 vita
935 1593 1057 1655 irsudeti
1084 1595 1150 1653 sint.

220 1685 345 1743 Crassos
368 1683 430 1741 dies
450 1680 534 1754 dicit,
561 1683 589 1742 in
604 1682 704 1762 quibus
719 1682 821 1742 obtuse
836 1692 867 1741 et
881 1683 943 1743 sine
959 1681 1016 1741 ulle
1031 1681 1139 1740 ratione
1154 1679 1238 1738 vixe-

216 1778 291 1829 runt.
375 1769 540 1846 lucensque
556 1768 744 1846 palustrem,
765 1768 932 1838 obscuram,
954 1777 1071 1846 propter
1092 1764 1236 1836 nebulam,

216 1872 289 1934 quae
305 1850 341 1912 de
356 1851 505 1937 paludibus
520 1854 662 1927 nescitur,
673 1852 726 1914 sed
740 1853 795 1913 boe
808 1852 845 1912 sd
859 1854 942 1913 animi
957 1854 1125 1913 coecitatem
1140 1858 1239 1910 trees·

216 1940 321 2002 iertnr.
1061 1958 1065 1970 ·

303 2027 354 2086 61.
374 2024 418 2082 Et
435 2022 497 2082 sibi
516 2023 574 2083 son
595 2026 675 2095 seri,
703 2042 738 2083 eo
760 2020 834 2104 qood
855 2024 912 2082 vita
928 2041 980 2082 666
994 2020 1109 2101 reliquit
1122 2021 1150 2079 in
1166 2019 1238 2079 vitio

216 2109 342 2190 positos3
371 2106 417 2167 vel
440 2128 497 2167 non
526 2108 686 2168 sufficiente
708 2107 744 2167 66
772 2110 979 2169 correctionem
1006 2117 1151 2185 tempore,
1179 2107 1239 2164 sits

217 2194 335 2265 relicte,
357 2203 488 2272 tanquam
508 2212 562 2251 uon
583 2194 695 2265 vivent,
717 2195 763 2272 qui
778 2195 853 2253 vitiis
867 2211 981 2272 semper
994 2190 1149 2269 indulgent.

217 2280 393 2354 Ingemuere
414 2286 507 2336 eutem
528 2276 602 2337 bene
623 2279 781 2356 expressit,
807 2279 873 2359 quie
887 2278 960 2337 tales
976 2283 1111 2336 senectus
1126 2271 1239 2332 debiles

218 2363 335 2442 exeipit.
1013 2438 1016 2443 Ι

304 2450 356 2510 62.
377 2449 424 2507 At
438 2456 466 2505 te
480 2449 642 2507 nocncrnss.
664 2445 771 2508 Verum
786 2446 854 2519 tibi,
868 2465 887 2505 o
902 2444 1045 2518 Cornuto,
1059 2442 1166 2503 libitum
1181 2453 1240 2515 est,

219 2528 359 2593 studendo
375 2529 411 2591 de
425 2531 529 2611 vigiliis
545 2532 681 2612 pellerem
699 2532 883 2592 contrahere.

305 2619 356 2678 63.
382 2617 489 2676 Cultor
509 2618 584 2676 ensis
606 2617 751 2676 iuuenum.
785 2616 960 2688 Cultoreit,
982 2634 1039 2674 666
1053 2613 1162 2684 cliens,
1184 2609 1239 2672 666

219 2699 385 2763 emendator
403 2701 449 2762 vel
473 2700 601 2761 eruditor
629 2700 864 2762 adolescentium.
957 2703 1109 2778 Purgatus
1130 2700 1239 2758 inere

218 2807 318 2847 cures.
348 2788 480 2847 Trectum
497 2797 541 2846 est
555 2786 590 2846 sb
606 2787 759 2864 agricolis,
781 2788 828 2867 qui
843 2787 962 2847 arbores
977 2784 1188 2855 infructuosus,
1207 2793 1240 2844 ut

218 2873 275 2932 siut
290 2873 417 2944 fertiles,
440 2881 561 2952 purgant
575 2882 606 2932 et
619 2874 760 2931 inserunt.
789 2872 830 2932 Its
846 2883 876 2932 et
890 2883 919 2931 tu
935 2868 1166 2953 persuasionibus
1182 2869 1238 2928 tuis

218 2977 305 3019 sures
334 2959 464 3019 iuvenum
491 2958 605 3017 avitiis
626 2955 790 3019 emundatas
819 2958 894 3018 beno
927 2959 1004 3018 cultu
1026 2953 1172 3016 doctrines
1194 2955 1241 3014 in·

220 3044 325 3104 stituis.

305 3132 359 3191 bd.
382 3130 483 3206 Fruge
502 3127 686 3199 Cleanthes,
703 3128 797 3187 irnctu
812 3127 1008 3208 philosophiae
1023 3125 1070 3186 vel
1084 3125 1240 3186 stoicorum

218 3214 401 3294 precceptis,
422 3215 503 3273 cuius
519 3223 618 3273 sectee
634 3212 787 3273 Cleentbcs
802 3213 983 3295 pbilosopbus
1000 3213 1062 3272 init.
1146 3212 1241 3270 Petite

220 3299 289 3358 lonc
309 3300 437 3359 iuuenes.
466 3298 593 3370 Discite,
607 3318 625 3357 o
640 3316 727 3359 senes
750 3308 782 3359 et
802 3302 902 3378 pueri,
932 3317 988 3380 quo
1010 3296 1116 3359 debent
1130 3297 1240 3356 mimus

220 3382 358 3455 tendere,
374 3382 476 3455 idest,
497 3382 533 3442 66
545 3382 762 3462 pbilosopbiem.

306 3471 356 3531 65.
379 3468 418 3528 Et
439 3470 580 3529 senectuti
602 3479 718 3529 vestroe
737 3467 839 3529 discite
861 3469 990 3541 666666,
1011 3466 1066 3527 boe
1089 3477 1137 3526 cst
1153 3484 1241 3546 prae·

220 3552 292 3615 sidia
313 3554 360 3614 vel
375 3554 477 3612 solatis
492 3556 657 3614 senectutis.

307 3642 358 3702 66.
385 3641 462 3699 Cres
474 3639 604 3716 leocfiet.
631 3637 729 3700 Verba
744 3636 898 3698 studiorum
913 3635 1021 3699 desidis
1036 3634 1072 3696 66
1087 3645 1212 3717 poetam.

219 3726 300 3785 ldcsn
323 3744 393 3784 cras
403 3724 484 3801 fist,
510 3724 634 3784 Persius.

307 3798 358 3876 bd.
382 3810 461 3886 (leid
489 3809 578 3888 quusi
599 3829 737 3888 magnum
764 3829 865 3889 nempe
895 3810 970 3869 diem
992 3809 1094 3868 donus.
1131 3805 1170 3865 Et
1191 3805 1241 3867 ille

221 3891 377 3954 studiorum
399 3893 503 3954 deses:
532 3894 619 3968 Quasi
644 3893 748 3975 aliquid
770 3914 900 3973 magnum
928 3891 1082 3964 concedis,
1111 3892 1136 3950 si
1157 3894 1241 3952 unius

221 3978 277 4039 diei
300 3980 392 4058 spatio
414 3981 522 4038 otiosus
544 3981 606 4038 sim.
692 3981 754 4040 Sed
774 4000 837 4039 cuns
860 3982 914 4039 lucc
935 3980 1032 4039 ultore
1052 3979 1151 4048 oens't,
1180 3979 1241 4037 s'esn

220 4084 300 4126 ecus.
328 4064 365 4124 Et
380 4064 513 4124 Persius:
536 4064 621 4124 Nolle
643 4063 740 4125 dilutio
764 4076 809 4125 est
830 4062 1037 4143 interponenda
1051 4060 1162 4122 studiis.
1194 4061 1242 4122 Si·

221 4148 332 4229 quidem
355 4151 376 4208 ii
394 4148 586 4227 decipiuntur,
610 4152 656 4230 qui
676 4150 864 4210 tolerabiliter
885 4150 1046 4210 existiment
1067 4168 1150 4207 nusm
1165 4145 1242 4208 diem

222 4233 368 4313 indulgere
391 4236 547 4307 vacationi,
577 4255 631 4315 qua
652 4247 797 4296 transects
817 4234 971 4296 delectabit
990 4253 1094 4295 vocure
1118 4234 1146 4292 in
1170 4233 1240 4296 alia.

223 4317 271 4380 Sic
287 4318 350 4378 dum
366 4320 428 4379 leve
444 4319 556 4379 videtur
571 4340 625 4380 uus
639 4320 684 4382 die
699 4323 819 4383 otiosum
835 4339 917 4395 esse,
942 4341 1032 4382 eunus
1047 4339 1100 4401 per
1112 4320 1240 4400 singulos

222 4402 283 4466 dics
300 4405 327 4464 iu
343 4407 400 4464 otio
416 4407 599 4466 eonsumitur.
