2574 5054
424 766 792 830 PROLEGOMENA.
1049 790 1122 835 eexr

95 953 180 1000 noo.
196 932 259 999 xl.
292 935 421 1001 Alieota
435 946 507 1000 sunt
520 934 655 1014 sebolia,
679 956 759 1000 nune
773 936 939 1015 breviora,
961 958 1042 1003 nuno
1057 940 1120 1023 ple·

97 1037 185 1102 niara
207 1037 264 1115 iis,
295 1058 372 1121 quae
402 1036 457 1101 sub
481 1036 610 1103 Cornuti
636 1038 758 1103 nomine
783 1040 1045 1104 circumferuntur.
1083 1036 1120 1105 Ιιι

94 1139 154 1204 fine
169 1136 300 1224 legitur:
323 1138 419 1203 Liber
432 1141 538 1202 eonati
544 1139 768 1224 panthaleonis
783 1143 815 1204 in
834 1139 977 1204 Colonia.
1007 1139 1119 1207 Codex

93 1241 261 1326 rescriptos
282 1251 347 1319 est,
370 1242 426 1307 sed
448 1261 512 1305 non
532 1252 634 1326 potest
656 1242 811 1328 dignosci,
839 1243 909 1327 quid
930 1245 1027 1329 primo
1048 1245 1117 1310 looo

94 1341 239 1429 seriptum
263 1343 366 1407 inerit.

182 1474 262 1541 coa.
288 1499 319 1540 ιι.
341 1475 427 1544 2029
450 1479 485 1560 (o
500 1477 570 1562 2.),
602 1477 804 1556 chartaceus,
839 1480 935 1544 lorma
960 1480 1117 1563 quadrata,
1136 1487 1192 1541 ot.

96 1598 180 1643 saer.
198 1575 274 1658 XV,
298 1581 435 1644 continet
454 1577 628 1644 iuvenalem
646 1589 678 1644 et
692 1578 845 1644 Persium.

180 1695 257 1761 uod.
288 1719 319 1761 ιι.
347 1693 412 1759 430
436 1695 469 1782 (o
484 1693 555 1778 3.),
597 1696 795 1778 chartaceus,
835 1699 933 1763 lorma
970 1698 1115 1780 maxima,
1135 1703 1190 1756 ab·

94 1798 185 1862 babet
204 1797 344 1864 Persium
366 1819 432 1863 cum
454 1798 590 1863 scholiis.
626 1796 662 1862 ln
685 1801 745 1862 line
767 1796 867 1863 Persii
889 1801 1021 1885 legitur:
1052 1849 1116 1867 ...

90 1902 218 1984 persius
244 1902 311 1965 Iste
333 1921 413 1964 anno
433 1899 629 1966 MCCCOE⁰
650 1901 688 1964 ln
715 1900 830 1964 Oetooo
856 1948 864 1964 .
891 1948 899 1964 .
927 1949 935 1965 .
960 1950 968 1966 .
989 1925 1051 1990 per
1071 1927 1119 1968 me

94 2001 240 2066 Iacobum
266 2002 421 2068 Motlrioor
431 2002 581 2087 feliciter
603 2003 686 2080 llo&
715 2011 783 2086 post
804 2002 938 2070 sebolia=
973 2007 1012 2071 In
1044 2005 1119 2071 llei-

96 2107 247 2169 versitate
267 2105 430 2192 Leirsiensi
443 2128 469 2191 p
491 2104 540 2168 lo.
563 2102 693 2168 Motlrio
711 2149 718 2164 .
738 2149 746 2165 .
767 2150 774 2166 .
793 2106 955 2172 collectus.

180 2221 258 2289 Col.
282 2222 437 2290 luvenalis
460 2234 490 2287 et
512 2221 612 2287 Persii
640 2222 887 2289 membranaceus
916 2246 999 2291 saer.
1023 2223 1114 2306 Xlli,
1134 2235 1190 2290 ot.

95 2326 287 2410 negligenter
301 2337 447 2390 exaratus
463 2326 477 2410 (
514 2324 576 2406 7.).

177 2442 235 2508 His
251 2445 399 2509 accedunt
415 2444 516 2529 paucis
532 2442 606 2507 loeis
622 2466 673 2506 vv.
691 2443 723 2506 ll.
742 2442 908 2507 editionum
922 2439 1052 2506 Mediol.
1069 2466 1099 2508 a.
1117 2450 1230 2501 nunu.

96 2543 179 2609 1476
194 2545 304 2631 (ab),
322 2543 437 2611 Venet.
455 2568 485 2608 a.
504 2542 587 2608 1482
602 2544 710 2628 (α5.),
727 2541 841 2610 Venet.
859 2564 889 2607 ι.
908 2542 991 2609 1484
1005 2547 1042 2632 (α
1052 2543 1117 2628 6.),

94 2668 168 2733 quas
190 2647 331 2712 omittere
354 2649 448 2712 satius
471 2646 538 2710 luit.
574 2645 633 2714 Ubi
648 2668 753 2714 omnes
769 2648 984 2728 consentiunt,
1008 2659 1080 2712 nota
1095 2672 1118 2713 ιι

94 2768 166 2813 usus
182 2769 260 2812 sum.

179 2863 258 2930 (Iol.
282 2865 450 2930 Bodleiuni
469 2867 522 2951 (β)
545 2889 598 2931 vv.
620 2867 653 2931 ll.
672 2877 797 2931 exstant
811 2868 892 2932 inter
907 2866 986 2931 Mos.
1006 2863 1118 2932 Santo-
1134 2871 1162 2934 ll·
1228 2857 1230 2861 ¹

94 2967 185 3031 niaua
200 2973 249 3049 (n.
269 2966 345 3052 116)
365 2969 396 3030 iu
416 2968 597 3032 bibliotheca
619 2966 825 3033 Bernliuensi.
861 2967 909 3033 De
930 2989 967 3032 eo
984 2968 1026 3031 ibi
1042 2967 1117 3032 haee

93 3071 203 3133 tradita
225 3081 313 3134 sunt:
348 3067 486 3147 „Codex
509 3068 694 3134 bodleianos
722 3091 788 3134 oum
818 3070 928 3153 glossis
958 3070 1117 3133 lneulentis

92 3181 164 3236 ante
180 3192 278 3235 annos
294 3167 409 3234 50οιιί
425 3172 579 3234 minimum
594 3172 743 3256 scriptus,
757 3173 981 3256 exemplariquo
996 3168 1118 3235 Boetbii

93 3273 130 3336 le
152 3272 360 3337 consolatione
382 3271 589 3356 philosophiae
620 3293 780 3349 annexus,
804 3273 836 3336 in
865 3275 949 3336 ouius
977 3271 1117 3336 umbilico

92 3374 166 3438 baeo
186 3374 385 3454 legebantur:
409 3372 502 3436 Hono
525 3373 595 3437 ood.
620 3372 706 3437 dedit
726 3374 896 3457 Leosm’our
917 3376 1014 3459 epioe.
1038 3374 1115 3436 eorl.

92 3476 188 3540 Beati
206 3473 299 3539 Petri
316 3474 433 3559 Apost.
458 3475 491 3538 in
513 3473 645 3538 Emonia
667 3474 711 3538 uel
724 3477 889 3538 utilitatem
903 3494 1117 3538 sucemororn

91 3596 228 3639 auorum.
269 3575 309 3641 Si
335 3579 406 3663 quis
434 3577 522 3639 illum
550 3578 639 3640 illane
660 3576 846 3651 abstulerit,
875 3585 1024 3639 oetmeroe
1044 3574 1117 3636 sub-

94 3679 194 3741 iaceat
215 3678 438 3742 maledictioni.
469 3678 567 3742 Fiat!
578 3677 668 3762 fiat!
679 3677 800 3762 fiot!“
838 3677 888 3740 Ab
905 3697 992 3759 quam
1008 3675 1115 3740 editio-

93 3799 159 3842 nem
176 3780 303 3844 oollatus
318 3781 377 3858 sit,
402 3801 463 3842 uon
487 3790 536 3843 est
558 3790 706 3844 notatum.
737 3777 799 3844 Vv.
817 3778 849 3842 ll.
866 3777 938 3841 mibi
954 3776 1116 3841 transscri-

92 3880 207 3945 beutlas
230 3882 350 3946 curavit
378 3891 512 3965 prompta
549 3878 610 3944 Aa.
645 3878 1011 3962 Trendelenburgii
1041 3879 1117 3942 meis

92 3982 199 4046 studiis
214 3983 443 4064 rationibusque
460 3982 646 4047 inserviendi
666 3983 819 4046 voluntas.

176 4098 255 4164 cod.
276 4099 435 4164 Galeanor
449 4100 519 4184 (y),
542 4100 624 4165 inter
642 4112 736 4164 mstos
759 4098 915 4165 Galeauos
936 4098 968 4163 in
984 4098 1058 4162 bibl.
1077 4096 1112 4165 S.
1132 4128 1155 4176 y.

93 4199 254 4266 Trinitatis
270 4201 388 4285 collegii
405 4198 687 4285 cantabrigiensis,
708 4202 738 4266 iu
755 4203 843 4266 natal.
862 4199 938 4264 Mss.
956 4199 987 4264 in
1003 4200 1117 4284 Anglin

93 4314 123 4366 et
143 4301 290 4367 Hibernia
314 4326 345 4366 u.
369 4301 465 4381 6124,
488 4300 553 4368 290
573 4304 635 4367 vol.
660 4301 702 4380 ll,
727 4325 756 4386 p.
775 4302 806 4381 l,
830 4304 906 4367 mira
921 4315 988 4370 arte
1003 4306 1034 4367 iu
1051 4306 1115 4388 pul·

93 4405 250 4469 uberrimis
272 4405 454 4470 membranis
476 4407 626 4490 seriptus3
650 4405 895 4471 commemoravit
918 4426 985 4469 eum
1001 4406 1116 4488 aliquo·

864 4527 881 4566 ⁰
894 4510 906 4537 ἡ
