2574 5054
409 721 774 788 PROLEGOHENA.
1003 744 1104 791 exem

76 893 155 960 dian
170 892 246 959 oriri
260 892 381 974 solent,
403 912 538 979 pennae,
561 913 638 978 quae
656 904 796 960 nasutum
812 904 1018 960 correctorem
1032 915 1104 981 pro·

77 995 170 1072 dante
195 992 278 1060 nolle
293 1006 471 1073 causaest,
490 996 529 1062 de
551 995 787 1081 interpolatione
810 996 986 1080 cogitandi,
1002 1017 1103 1081 neque

75 1097 154 1163 ullus
177 1097 284 1176 loeus,
306 1096 443 1181 quinon
465 1117 483 1162 e
505 1096 595 1162 codd.
618 1097 740 1163 restitui
761 1109 853 1181 queat
871 1106 895 1160 ¹.
934 1095 1000 1162 linc
1022 1099 1103 1180 quod

73 1199 179 1284 paucis
195 1199 394 1283 scriptoribus
408 1198 554 1284 contigit,
576 1196 687 1266 Persio
709 1199 748 1264 ob
769 1200 866 1285 ipsam
884 1200 950 1265 eius
965 1199 1102 1265 obscuri·

73 1310 168 1367 tetem
185 1301 352 1387 contigisse
368 1312 451 1388 puto.

160 1433 281 1520 Quodsi
304 1438 479 1521 quaeritur,
510 1436 538 1501 is
559 1436 678 1516 codex,
707 1457 749 1502 ex
773 1457 832 1523 qun
862 1436 1005 1523 descripti
1032 1449 1103 1502 sont

72 1535 145 1623 up.
164 1547 198 1602 et
210 1537 321 1620 nom„
345 1541 397 1625 qui
418 1538 589 1623 exemplum
611 1559 630 1602 a
652 1537 701 1603 ΡΙ.
719 1537 797 1604 Iulio
813 1550 985 1605 correctum
998 1539 1025 1604 si
1040 1560 1101 1603 non

72 1638 227 1724 integrum
243 1651 275 1705 at
289 1641 477 1707 emendatius
493 1649 525 1705 et
539 1639 642 1723 purius
660 1641 834 1726 expressit,
858 1661 928 1706 num
949 1643 1029 1705 rorte
1052 1663 1102 1706 ee·

72 1753 211 1807 terornru
226 1740 329 1810 Persii
343 1743 433 1808 codd.
450 1743 519 1805 inus
536 1752 568 1806 et
582 1741 669 1826 origo
691 1741 848 1807 babendus
870 1743 930 1820 sit,
953 1742 1020 1808 iure
1043 1742 1101 1808 boe

74 1845 266 1931 negabimus.
303 1836 385 1908 Nam
407 1843 444 1908 iis
465 1843 561 1921 loeis,
591 1844 640 1907 nbi
665 1865 733 1909 enm
762 1854 921 1929 corruptas
953 1844 1102 1909 lectiones

73 1945 219 2011 babuisse
235 1956 377 2031 apparet,
401 1944 434 2009 in
455 1945 525 2009 aliis
539 1945 630 2010 codd.
646 1967 721 2011 veru
737 1957 768 2009 et
783 1946 914 2031 genuina
929 1946 1020 2011 lectio
1035 1968 1103 2013 ser·

74 2059 146 2111 rata
169 2058 238 2127 est,
261 2047 290 2111 bi
313 2046 406 2131 igitur
427 2067 469 2111 ex
488 2048 547 2111 alio
570 2048 655 2114 fonte
683 2049 841 2113 derivandi
862 2058 945 2112 snut.
984 2045 1101 2114 Verum

74 2151 190 2214 nullum
212 2149 336 2213 omnino
357 2150 427 2213 cod.
451 2149 574 2226 inveni,
598 2150 649 2233 qni
669 2160 794 2235 praeter
813 2148 886 2235 Mp.
910 2161 940 2215 et
956 2150 1046 2215 Rom.
1064 2151 1102 2215 ed

74 2250 155 2315 idem
171 2251 358 2336 arebetypon
370 2251 478 2314 reterri
498 2253 612 2334 possit,
636 2273 812 2337 quamquam
834 2250 914 2316 enim
936 2252 1101 2317 lectionum

74 2363 106 2416 ct
120 2352 270 2417 bonerum
285 2364 317 2417 et
331 2364 560 2438 corruptarum,
583 2374 657 2438 ques
678 2353 709 2417 in
725 2353 809 2419 bisce
824 2353 1017 2431 invenimus,
1040 2355 1101 2437 ple·

71 2454 298 2538 respuentium
321 2456 354 2519 in
376 2455 444 2519 eliis
466 2455 556 2518 codd.
578 2455 764 2539 reperimus,
795 2456 836 2520 ite
862 2466 965 2520 tamen
988 2453 1103 2519 mixtae

72 2567 146 2620 suut
161 2556 230 2620 aliis
244 2556 445 2634 lectionibus,
469 2578 546 2641 qnae
569 2578 610 2621 ex
630 2559 713 2623 bisce
730 2558 818 2622 codd.
835 2557 904 2622 duni
919 2567 979 2619 non
996 2569 1103 2642 potne-

71 2669 165 2736 runt,
191 2667 225 2721 ut
239 2658 276 2723 de
292 2658 443 2723 communi
460 2658 579 2743 origiue
595 2681 657 2723 non
679 2661 775 2744 possit
797 2658 936 2743 eogitari.
970 2655 1103 2722 Omnino

71 2756 176 2824 Persii
200 2760 289 2824 codd.
316 2781 354 2826 ea
375 2760 454 2826 ratio
478 2770 545 2840 eet,
568 2771 603 2825 ut
624 2761 746 2826 diversa
771 2783 886 2848 genere
910 2772 942 2824 et
957 2761 1100 2838 familiae,

74 2883 135 2946 qno
158 2859 270 2945 singuli
292 2862 381 2928 codd.
405 2865 598 2942 referantur,
622 2883 683 2926 nnn
700 2866 816 2947 possint
832 2865 988 2930 constitui.
1025 2861 1101 2929 lllnd

72 2962 195 3048 quidem
210 2984 315 3049 perse
331 2964 456 3050 quisque
471 2966 629 3050 intelligit,
644 2963 782 3031 diversos
797 2988 866 3032 esse
883 2966 970 3032 codd.
988 2977 1102 3042 aetate,

73 3077 127 3144 et,
151 3086 229 3149 quse
249 3065 297 3131 bic
321 3088 387 3131 cunr
409 3076 510 3132 aelate
533 3069 598 3132 iere
622 3068 783 3132 coniuncta
808 3080 876 3146 est,
908 3069 1102 3142 auctoritate,

73 3169 154 3233 elios
176 3167 244 3232 aliis
268 3170 391 3254 propius
413 3170 562 3234 accedere
589 3168 744 3247 bonitate,
772 3192 879 3234 verum
909 3191 974 3235 cnm
1006 3170 1103 3233 nullus

74 3271 180 3335 codex
202 3280 264 3336 tam
289 3271 413 3357 integer
433 3272 491 3350 sit,
515 3283 549 3336 nt
563 3291 600 3335 eo
617 3281 764 3355 tamquam
785 3274 981 3337 fundamento
996 3291 1104 3336 recen·

72 3373 173 3438 sionis
195 3372 313 3451 utaris,
337 3384 398 3437 tum
422 3393 460 3437 ne
485 3371 541 3438 boc
564 3373 684 3457 quidem
707 3374 874 3439 observare
896 3375 986 3453 lieet,
1011 3378 1104 3439 certis

71 3475 152 3539 locis
175 3475 320 3558 quosdam
343 3475 433 3540 codd.
456 3475 488 3538 in
511 3476 654 3561 genuinis
674 3485 727 3538 aut
749 3476 899 3561 corruptis
923 3475 1104 3540 lectionibus

72 3577 266 3661 conspirare.
304 3574 389 3641 ldcm
419 3578 519 3642 codex
546 3578 627 3643 enim
650 3578 740 3642 modo
764 3576 859 3641 bonas
882 3579 972 3642 modo
994 3597 1104 3661 pravas

72 3679 225 3744 lectiones
246 3678 392 3764 praebet,
417 3690 448 3743 et
470 3679 513 3744 ita
535 3680 672 3764 quidem,
699 3690 732 3744 ut
755 3678 884 3744 diversis
899 3680 974 3744 locis
991 3680 1103 3744 diversi

75 3868 88 3920 i
110 3865 166 3920 Uen
179 3864 236 3917 loeo
247 3861 340 3932 ΝΜ
357 3882 371 3920 e
389 3867 457 3918 ceni.
478 3881 601 3918 amorum
619 3866 677 3917 dedi
696 3881 741 3933 pro
759 3866 832 3917 codd.
846 3866 957 3918 lectione
969 3881 1104 3917 onumen.

109 3933 213 3986 Nollem
231 3933 342 3998 tectum
360 3950 509 4004 quemquern
529 3936 597 3986 enirn
615 3950 765 4004 persuasum
783 3935 845 3986 nibi
863 3942 920 4000 est,
939 3951 955 3986 e
972 3932 1027 3987 VV.
1047 3933 1102 3986 DI).

109 4018 137 4054 v.
164 4017 291 4055 mrum
316 4019 437 4071 perverse
460 4004 603 4071 explicari,
630 4005 736 4055 necdnrn
762 4004 838 4055 aliem
866 4004 1103 4070 interpretationem

108 4072 218 4137 terent,
252 4079 369 4139 praestet
393 4081 477 4125 tenen
501 4074 626 4124 intectum
651 4074 816 4138 relinquere,
849 4088 905 4125 cnm
930 4074 956 4123 in
982 4072 1104 4124 Persianc

109 4155 231 4193 somene
248 4142 416 4194 inveniantur
432 4149 484 4194 tem
502 4141 583 4193 multe
601 4142 751 4193 duriuscule
769 4143 856 4207 dicte,
875 4149 902 4194 et
919 4157 1025 4209 quornm
1049 4157 1103 4192 cer·

108 4216 162 4261 ιιι
176 4207 374 4275 explicationem
392 4211 437 4262 vis
456 4211 528 4262 nobie
546 4210 607 4261 dare
626 4210 713 4261 liceat.
733 4209 851 4262 Ceterum
872 4227 919 4261 non
939 4211 1027 4261 tacebo
1045 4226 1105 4260 con·

112 4280 259 4342 iecturnm,
278 4294 354 4346 qnam
371 4281 452 4331 amice
469 4294 568 4331 mecum
585 4280 781 4331 communicavit
799 4280 951 4330 Pnldenns:
973 4283 1104 4344 inpetrem

110 4347 244 4414 quiequid
273 4349 326 4400 tite·
354 4351 458 4400 cernit
489 4354 595 4409 aorem,
626 4350 726 4414 quicum
755 4350 913 4415 compererit
936 4348 1104 4399 Horetinuutn

111 4420 175 4479 (set.
195 4414 229 4480 ll,
249 4416 276 4481 7,
293 4418 328 4472 di
339 4418 413 4485 σωκ
437 4419 520 4470 Aerte
536 4418 585 4469 edi
601 4431 643 4468 me
658 4416 769 4470 Notiora
786 4417 919 4480 intendit,
938 4423 999 4467 cett.

142 4505 263 4546 71181111.
875 4506 895 4547 ll
