2574 5054
367 811 740 879 PROLBGOMENA.
1009 841 1065 882 xus

70 981 122 1066 quil
134 982 166 1048 tle
179 982 232 1048 bac
246 984 323 1048 mira
338 985 441 1068 operis
456 983 655 1069 inscriptione
671 985 858 1051 censendum
880 986 941 1066 sit,
966 998 1062 1072 patet.

69 1079 269 1171 Smnuptum
297 1087 417 1151 titulum
440 1086 604 1165 mitti-us,
633 1086 772 1153 indicare
792 1088 936 1153 videntur
954 1091 1063 1170 verba,

66 1184 169 1253 Cteetu
182 1189 387 1255 testimonium
402 1190 525 1254 allatum
541 1209 610 1254 esse
624 1211 643 1254 a
659 1187 817 1268 Cornuto,
846 1190 936 1275 idque
950 1191 1065 1258 laetum

63 1310 117 1356 csse
128 1293 264 1378 inopere
278 1292 476 1375 grammatico
491 1303 729 1358 consentaneum
745 1304 794 1359 est
812 1302 834 1355 ¹.
859 1290 1065 1359 Cassiodorus

10 1398 12 1405 '
60 1393 145 1475 iniis,
166 1415 243 1479 quae
257 1393 296 1459 de
311 1394 526 1481 orthogrsphia
541 1395 682 1480 collegit,
706 1396 802 1479 primo
823 1395 893 1461 loco
911 1394 995 1460 dedit
1008 1414 1065 1458 ex·

60 1509 146 1582 cerpta
166 1518 208 1562 ex
234 1498 403 1582 Agnaeo
433 1493 610 1563 Cornuto
633 1497 676 1562 de
699 1497 980 1563 enuntiatione
1002 1497 1065 1562 vel

59 1599 331 1685 orthographia
352 1596 566 1684 p-2281sqq.
595 1596 643 1664 lbi
664 1601 825 1684 legendum
847 1619 916 1665 esse
930 1597 1064 1662 Annaeo

58 1702 141 1766 statim
155 1711 300 1786 apparet,
322 1711 355 1764 et
368 1700 490 1766 videtur
505 1710 612 1768 noster
625 1701 841 1788 intelligendus
863 1722 945 1767 esse.
975 1697 1065 1765 Posi-

57 1812 93 1869 ω
106 1805 187 1869 enim
202 1813 252 1869 est
265 1803 362 1889 primo
377 1802 445 1870 loco
465 1813 538 1869 anu
561 1800 683 1869 Vedium
703 1801 864 1888 Longum,
888 1803 967 1888 quod
987 1802 1065 1867 anti-

55 1927 128 1989 quum
142 1904 373 1992 grammaticum
395 1903 533 1973 indicere
554 1908 688 1972 videtur.
722 1903 818 1989 quue
846 1906 967 1970 firmant
988 1925 1065 1989 quae

54 2029 87 2072 eu
101 2009 166 2074 eius
187 2007 268 2074 libro
292 2007 382 2072 allent
405 2005 629 2089 Cassiodorus,
654 2028 834 2093 quamquam
864 2027 902 2072 ea
923 2028 1010 2072 suum
1033 2006 1066 2070 in

54 2131 124 2175 uum
139 2109 349 2197 disposuisse,
375 2110 569 2189 decuriasse,
594 2113 726 2176 fortasse
749 2110 839 2173 etiam
862 2109 1066 2194 interpolasse

54 2213 212 2278 censendus
236 2211 307 2276 erit.
336 2208 373 2274 lu
395 2212 433 2277 iis
456 2213 643 2297 antiquiores
665 2213 830 2298 scriptores
847 2223 879 2276 et
892 2210 1066 2277 Varronem

53 2317 227 2397 potissimum
234 2313 370 2399 respicit.
390 2311 492 2380 Senel
505 2317 616 2382 dicitur
631 2313 754 2380 Lucio
769 2314 849 2380 idem
863 2314 961 2379 videri
976 2324 1067 2396 atquc
1132 2375 1134 2378 .

54 2419 119 2500 quod
146 2419 214 2503 ipse
245 2417 335 2480 modo
366 2420 539 2504 praecepit,
569 2418 620 2503 qui
647 2414 762 2482 Lucius
788 2426 911 2501 putatur
932 2435 1001 2480 esse
1023 2410 1064 2478 L.

54 2515 277 2585 Caesellius
298 2513 476 2599 Vindex,
500 2541 541 2585 ex
562 2520 647 2586 cuius
666 2518 786 2604 seriptis
801 2529 907 2604 postea
923 2528 1068 2603 excerpta

54 2623 217 2687 referuntur
231 2621 289 2707 (oi.
308 2618 433 2702 Osann,
457 2617 557 2687 Beitr.
573 2618 605 2685 ll
620 2644 649 2708 p.
667 2619 730 2686 329
746 2623 821 2705 sq).
855 2617 945 2703 Quod
964 2620 991 2684 si
1015 2640 1068 2684 ve·

56 2794 66 2846 l
80 2791 221 2847 Videndum
240 2799 326 2845 umen
344 2809 377 2845 nu
394 2794 477 2846 maior
490 2793 532 2845 bie
547 2793 797 2861 lateatcorruptela.
817 2792 900 2859 Quam
912 2791 1006 2843 tollant
1018 2791 1069 2843 lor-

80 2871 145 2915 usse
172 2863 324 2927 acutiores,
352 2879 398 2928 ego
421 2862 482 2930 quid
506 2864 570 2914 mibi
595 2866 622 2915 in
647 2871 757 2915 mentem
775 2862 878 2914 venerit
895 2862 1009 2913 modeste
1028 2860 1069 2911 lrio

80 2932 205 2985 iadicubo.
230 2930 271 2982 Ex
283 2930 370 2983 verbis
382 2933 577 2984 tcb’ccsturum
593 2933 736 2985 mutatione
756 2933 824 2982 buud
841 2929 958 2983 violenta
975 2931 1069 2981 efficias

80 3003 315 3064 memmae,
334 3006 360 3050 et
379 3001 405 3052 in
423 3016 467 3050 vv.
483 3005 577 3068 patris
595 3005 641 3052 sua·
659 3002 724 3054 latet
742 2999 853 3052 luctasse
871 2998 965 3051 titulus
983 2997 1070 3049 tuber-

80 3070 183 3130 ussiae,
208 3068 300 3136 quales
317 3076 378 3120 sunt
395 3085 506 3134 socero,
529 3075 696 3134 matertera,
724 3070 891 3130 consobrini,
913 3071 1066 3135 prtoqcm,

80 3154 186 3191 mres
210 3145 275 3189 cett.
305 3135 393 3205 Neque
416 3138 483 3190 cuitu
501 3140 564 3190 rnibi
582 3139 739 3205 persuadebo
757 3138 860 3189 laudari
884 3145 942 3205 epte
961 3137 1069 3188 Cornuti

81 3207 173 3260 tun-
191 3207 340 3258 fabularum
358 3207 410 3258 vel.
430 3208 488 3258 sim.
508 3208 591 3274 petria
609 3209 660 3259 sni.
680 3207 788 3259 Cornuti
802 3207 882 3258 verba
894 3206 1002 3273 exempli
1014 3206 1070 3256 loco

81 3293 94 3328 a
109 3277 236 3329 tiberinis
253 3275 342 3327 alierri
360 3277 411 3327 inm
427 3277 557 3342 vidimus,
575 3284 603 3327 et
620 3292 677 3328 enm
694 3276 787 3328 Plauto
802 3276 966 3342 Caecilianus
984 3275 1071 3341 (euius

81 3347 160 3398 verbu
179 3346 290 3412 periisse
302 3345 431 3396 censenda
443 3353 548 3412 essent,
566 3352 596 3395 ut
608 3344 747 3397 Plautinae
759 3344 863 3396 bubulae
875 3345 970 3395 titulus
984 3344 1072 3410 periit)

81 3424 136 3482 apte
156 3422 354 3482 conponantur
370 3413 529 3465 tabernaria.
549 3413 710 3466 Tuber-naria
727 3430 806 3474 vero,
825 3429 876 3481 qua
890 3412 1017 3464 Romanos
1029 3414 1073 3464 bo·

82 3486 162 3536 uiues
180 3499 318 3549 floresque
336 3490 543 3550 repraesentatos
561 3499 618 3535 csse
642 3490 730 3534 uoturu
754 3489 794 3534 eut
816 3483 862 3548 (el.
880 3481 1020 3534 Neukireb.
1040 3480 1072 3532 de

82 3553 131 3605 [ὑ.
151 3559 207 3616 ¹⁰⁸·
230 3568 256 3619 p.
275 3552 309 3604 38
321 3553 391 3619 sqq-l
417 3552 502 3602 nescio
526 3567 558 3603 un
583 3553 673 3604 deceat
697 3559 889 3619 praeceptorem
907 3550 1006 3610 Persii,
1030 3552 1073 3617 qui

83 3629 243 3688 metentem
261 3621 411 3688 composuit.
430 3617 519 3688 Neque
537 3622 609 3681 iure,
633 3628 756 3689 utputo,
783 3621 888 3671 obiiciat
911 3621 984 3686 quis,
1012 3634 1074 3669 eun-

82 3691 136 3743 te·
155 3690 227 3741 baud
245 3689 323 3740 focile
341 3690 513 3756 composuisse
532 3691 679 3755 tragoedias
697 3697 774 3756 atque
799 3689 980 3746 tabernarias,
1007 3688 1073 3752 quod

83 3759 121 3810 bis
144 3759 308 3826 tenporibus
333 3759 486 3826 praesertim
514 3760 540 3810 iu
565 3759 731 3825 grummatieo
755 3775 803 3810 non
822 3759 923 3809 mirum.
956 3755 1074 3807 Omnium

83 3829 185 3880 uiniae
203 3826 333 3878 offendere
351 3827 559 3880 tubernnrlarunr
578 3828 671 3880 librum
691 3841 782 3896 posse,
802 3828 895 3877 docent
907 3824 1025 3891 exempla
1041 3825 1074 3876 ad

83 3904 131 3948 ast.
150 3896 174 3960 l,
193 3897 227 3949 lb
252 3912 277 3963 p.
298 3896 341 3959 98,
367 3895 460 3963 quibus
485 3898 544 3949 addi
567 3904 651 3964 potest
671 3895 736 3948 Tae.
764 3895 827 3946 utut.
852 3896 878 3957 3,
905 3895 948 3945 ulti
972 3894 1075 3960 saepius

84 3964 193 4017 Ιιιιηί
219 3966 354 4029 tragoedis
378 3973 487 4016 vocatur
511 3967 588 4018 liber.
624 3964 677 4017 llos
700 3966 781 4030 igitur
798 3970 949 4029 argumento
968 3963 1007 4014 uti
1026 3978 1075 4013 uon

85 4034 171 4086 debuit
189 4032 306 4085 Grauert
328 4033 383 4093 (tib.
405 4035 431 4085 d.
451 4032 549 4086 Metrik
567 4034 612 4087 des
631 4033 703 4085 Rbus.
723 4032 799 4100 Epik.
820 4050 842 4099 p.
864 4031 938 4096 278).
969 4030 1077 4082 Scilicet

86 4111 217 4171 postque·
230 4103 385 4169 legebantur
397 4105 485 4171 potius
502 4119 577 4171 quun
593 4104 738 4169 agebantur
755 4103 874 4164 fabulae,
894 4101 1018 4152 librorum
1033 4115 1077 4149 no·

85 4175 152 4225 nine
170 4180 231 4240 epte
249 4171 419 4224 vocabuntur.
444 4171 540 4224 Eodem
558 4174 632 4224 modo
651 4173 781 4224 orationes
799 4172 825 4221 in
844 4170 974 4237 publicum
992 4171 1076 4218 editas

85 4240 164 4293 libra
188 4243 315 4292 nominari
342 4248 413 4292 reete
437 4241 594 4306 significavit
617 4241 783 4294 Weichertus
811 4240 903 4307 (poett.
932 4238 991 4289 lutt.
1018 4237 1075 4287 rell.

88 4326 109 4376 p.
123 4311 198 4377 112).
230 4310 352 4364 Ceterum
378 4311 542 4362 coniecturae
566 4327 580 4363 a
601 4327 641 4363 rue
660 4311 804 4377 propositae
823 4309 912 4359 deesse
930 4307 1002 4357 illam
1022 4320 1078 4371 per·

88 4379 210 4431 suadendi
231 4381 300 4442 viru,
319 4396 393 4447 quam
413 4381 438 4431 in
458 4382 616 4432 coniecturis
627 4381 786 4447 potissimum
803 4379 994 4433 desideramus.
1014 4374 1078 4424 bene

88 4450 186 4569 penite),
206 4450 376 4517 prouuueinvi
396 4456 499 4514 umen,
519 4452 541 4502 si
555 4450 622 4502 torte
639 4449 699 4501 aliis
716 4463 805 4499 rerum
823 4446 971 4500 inveniendi
991 4456 1078 4493 cusam

103 4533 168 4569 are.
