2574 5054
130 791 209 835 nvn
452 769 818 834 enotuuotttttta.

129 950 347 1018 exercentem,
370 950 444 1025 toga
462 941 544 1005 virili
565 953 664 1006 sumta
685 943 815 1006 accessit
836 937 983 1023 Persius,
1007 954 1041 1009 et
1069 955 1159 1012 tanto

130 1045 196 1110 eius
215 1064 320 1108 amore
342 1054 445 1128 captus
468 1053 535 1122 est,
558 1055 591 1108 nt
613 1065 762 1127 nunquam
785 1043 823 1108 ab
846 1062 884 1107 eo
905 1041 1101 1127 discederet,
1124 1060 1163 1114 et

128 1167 234 1212 verum
258 1167 324 1211 enm
348 1167 386 1212 eo
409 1145 639 1211 contubernium
662 1156 780 1228 ageret.
809 1145 920 1230 Neque
943 1146 1002 1213 lucc
1023 1150 1067 1214 ita
1082 1171 1155 1215 raro

129 1250 322 1328 factumest,
346 1259 380 1313 nt
393 1246 601 1313 Romanorum
621 1247 737 1314 nobiles
751 1248 880 1313 iuvenes
897 1249 1054 1315 doctorum
1070 1254 1155 1319 viro-

127 1372 194 1416 rem
225 1352 386 1417 amicitiam
408 1363 442 1417 et
463 1350 714 1416 consuetudinem
739 1362 941 1434 quaererent,
966 1373 1021 1418 eos
1044 1354 1078 1418 in
1101 1354 1155 1419 do-

128 1475 208 1518 mum
230 1455 425 1540 reciperent,
454 1473 557 1520 secum
586 1452 752 1531 ducerent,
776 1463 869 1518 totam
900 1454 1032 1539 denique
1057 1456 1153 1522 vitam

128 1576 194 1619 cum
216 1555 254 1620 iis
275 1559 461 1640 partirentur
481 1559 528 1638 (v.
546 1553 635 1620 Suet.
659 1576 786 1639 mmm.
802 1555 835 1619 7.
857 1555 952 1620 rheu.
969 1554 1003 1621 6.
1034 1554 1151 1624 Lehm.

129 1657 167 1720 de
191 1657 288 1721 Arist.
313 1660 394 1724 stud.
420 1657 510 1722 Hom.
531 1679 561 1742 p.
580 1655 621 1722 16
636 1659 711 1744 sq).
740 1657 866 1724 Persius
882 1659 994 1724 amoris
1010 1660 1057 1724 sni
1077 1681 1154 1746 erga

127 1761 304 1845 magistrum
332 1770 558 1825 monumentum
585 1770 710 1824 exstare
733 1760 829 1826 voluit
849 1762 973 1827 satiram
1002 1761 1152 1843 quintam,

128 1860 233 1945 inqua
253 1882 340 1945 quam
363 1862 494 1926 sollicita
515 1882 588 1926 cura
611 1859 766 1929 Cornutus
788 1864 921 1927 animum
943 1872 1034 1945 atque
1050 1882 1153 1928 mores

127 1963 334 2050 philosophiae
351 1965 521 2049 praeceptis
538 1967 702 2045 excolere,
725 1965 881 2050 ingenium
901 1975 1045 2030 accurata
1062 1986 1153 2030 sana·

128 2086 185 2151 qne
201 2067 359 2152 disciplina
375 2067 497 2131 erudire
513 2079 603 2152 atquc
619 2069 771 2154 castigare
791 2067 960 2146 studuerit,
984 2076 1073 2152 gratu
1088 2067 1152 2151 pio·

127 2189 186 2253 que
209 2170 308 2232 auimo
330 2169 529 2250 recordatur,
554 2182 584 2235 et
607 2182 717 2255 quauta
740 2171 780 2235 sit
800 2172 881 2235 inter
902 2180 1061 2253 utrumque
1078 2189 1152 2234 cun-

128 2271 250 2351 cordia,
274 2283 386 2354 quanto
408 2294 442 2338 so
465 2274 686 2357 amplectantur
713 2293 817 2337 amoro
846 2271 971 2357 egregie
1001 2271 1148 2357 depingit.

126 2373 228 2457 Atque
251 2374 338 2440 huius
362 2375 498 2441 caritatis
525 2376 658 2440 moriens
685 2373 889 2439 testimouium
916 2373 1059 2458 reliquit,
1082 2396 1151 2439 cum

126 2497 183 2561 per
202 2476 359 2542 codicillos
381 2480 419 2543 ad
439 2488 566 2542 matrem
590 2478 675 2542 datos
698 2474 836 2541 Cornuto
857 2496 976 2541 omnem
991 2475 1151 2542 bibliothe-

128 2598 194 2643 cam
210 2589 241 2643 ct
255 2581 414 2664 pecuniam
430 2582 508 2645 haud
524 2602 647 2665 parvam
661 2580 860 2663 relinqueret.
887 2577 998 2662 Neque
1013 2579 1066 2644 ille
1082 2600 1100 2643 a
1116 2600 1150 2644 se

128 2679 347 2765 degeneravit,
372 2703 440 2746 nam
460 2682 555 2747 libros
577 2683 696 2765 quidem
716 2682 851 2766 recepit,
876 2681 1034 2766 pecuniam
1050 2693 1151 2747 autem

126 2802 160 2847 se
176 2793 370 2867 accepturum
385 2785 509 2869 negavit
530 2793 553 2847 ¹.
584 2780 724 2867 Denique
748 2804 784 2848 ea
798 2805 833 2849 re
849 2806 982 2850 amorem
998 2804 1074 2869 erga
1090 2783 1151 2849 dis·

127 2885 256 2970 eipulum
285 2896 415 2950 testatus
447 2896 512 2962 est,
538 2887 617 2969 quod
647 2907 708 2949 non
740 2887 837 2950 solum
860 2886 1019 2950 satirarum
1045 2886 1152 2950 librum

126 2997 287 3071 antequam
323 2987 468 3053 ederetur
493 2989 691 3065 retractavit,
727 2990 783 3054 sed
810 2988 900 3053 matri
929 2988 1019 3053 etiam
1050 2987 1151 3053 consi-

126 3088 198 3153 lium
215 3089 299 3154 dedit
321 3091 420 3154 omnia
445 3111 499 3170 ea,
525 3111 600 3173 quae
614 3089 743 3156 Persius
759 3091 886 3176 puerilia
901 3101 990 3175 atque
1006 3090 1150 3154 iuvenilia

126 3194 312 3277 scripserat,
346 3193 478 3258 delendi.
517 3191 604 3277 Quae
627 3215 696 3273 res,
719 3195 844 3276 siquae
867 3193 945 3272 alia,
970 3192 1104 3257 sobrium
1120 3203 1152 3256 et

126 3316 268 3361 severum
283 3296 425 3361 iudicium
441 3296 648 3375 demonstrat,
672 3318 730 3380 quo
751 3293 852 3360 Persii
868 3296 966 3360 studia
981 3295 1102 3361 rexisse
1119 3305 1152 3360 et

45 3443 50 3453 ·
126 3398 304 3463 aestimasse
327 3399 465 3480 videtur,
488 3409 629 3482 quantam
650 3419 726 3462 vero
753 3398 813 3463 vim
829 3395 934 3462 Stoica
948 3396 1150 3483 philosophia,

127 3521 185 3583 qua
201 3521 269 3566 enm
284 3501 408 3580 imbuit,
432 3501 463 3564 in
478 3498 578 3564 Persii
593 3500 726 3564 animum
740 3511 830 3584 atque
847 3509 986 3584 poemata
1001 3517 1151 3563 exercue-

126 3603 184 3683 rit,
207 3604 258 3668 vel
278 3605 389 3670 leviter
410 3601 596 3668 intuentibus
619 3614 720 3688 patet,
751 3624 817 3667 eum
839 3623 900 3665 non
923 3602 1013 3665 modo
1035 3600 1151 3665 satirae

126 3706 192 3770 eius
207 3707 368 3771 maximam
383 3705 545 3791 partemin
563 3725 601 3770 eo
621 3715 801 3784 versentur,
825 3715 860 3768 nt
879 3701 985 3769 Stoica
1009 3703 1151 3787 dogmata

126 3808 302 3892 explicent,
330 3828 437 3873 verum
466 3808 558 3873 etiam
580 3818 643 3873 tota
667 3809 733 3873 eius
757 3807 938 3872 aestimandi
960 3816 1051 3888 atque
1074 3804 1151 3869 scri-

161 3995 235 4062 tnpdo
252 3996 392 4062 impostura
409 3997 587 4050 contutabitur
604 4004 710 4064 aperte,
736 3995 781 4047 sed
799 3995 852 4046 alin
869 4009 967 4061 quoque
984 3993 1053 4044 scitu
1072 3993 1151 4057 digna

160 4064 252 4114 melius
272 4074 470 4128 cognoscentur.
494 4066 546 4118 llcc
563 4083 610 4131 epo
628 4067 659 4118 de
677 4064 828 4133 quibusdam
848 4063 1016 4130 probabiliter
1033 4062 1152 4113 docuisse

161 4132 224 4184 tulli
243 4134 347 4196 videor,
372 4141 452 4186 tutum
476 4144 505 4187 ut
524 4137 640 4203 perficiat
656 4136 762 4187 lortunn
780 4133 934 4191 adiuvante,
954 4133 995 4197 qui
1015 4131 1080 4181 hauc
1099 4145 1153 4182 mnu

161 4202 245 4252 donno
264 4202 336 4252 novis
355 4203 427 4253 codd.
447 4204 572 4256 subsidiis
590 4221 618 4255 se
643 4211 814 4255 tractaturu-
839 4200 973 4267 promisit,
998 4198 1151 4263 Lersclius,

162 4269 201 4333 (v.
220 4270 276 4320 cius
294 4269 485 4337 Sprachplilos.
505 4273 551 4323 der
567 4273 641 4324 Alton
660 4279 680 4324 t.
698 4272 732 4323 lll
750 4289 774 4339 p.
796 4271 856 4336 15⁹)
874 4275 976 4335 exopto.

128 4339 271 4394 illumin
294 4338 349 4389 vita
372 4338 472 4401 lacum,
500 4341 543 4391 ulti
568 4342 615 4392 huc
642 4349 779 4402 narratur,
805 4339 877 4391 uncis
900 4337 1149 4399 circumscribet-em,

162 4407 277 4458 nolebam
287 4408 391 4459 dubium
400 4409 544 4476 exprimere
553 4410 584 4460 de
596 4411 753 4463 narrationis
765 4409 824 4472 lide,
844 4408 888 4459 scd
897 4408 1049 4475 exprimere,
1068 4407 1150 4457 verba

161 4477 272 4542 genuina
292 4493 341 4530 nun
359 4492 432 4546 posse
451 4478 564 4530 restitui.
