2574 5054
425 734 793 823 auennensem.
1018 786 1121 848 gcxxv

88 931 120 992 iu
138 927 211 992 eod.
236 924 419 992 Florentino
441 938 562 1017 suntal,
586 949 655 993 nam
677 930 757 1014 quui
778 929 810 993 in
826 929 885 996 huc
900 930 1042 1014 quaedam
1058 955 1120 997 nnn

89 1031 309 1107 inveniuntur,
333 1050 411 1112 quae
433 1024 485 1094 iile
504 1030 607 1096 laudat
629 1043 779 1117 tamquam
801 1029 950 1112 Cornuti,
974 1037 1119 1116 quaedam

88 1131 181 1216 paulo
197 1131 288 1196 aliter
301 1132 448 1216 leguntur
461 1142 551 1216 atque
566 1132 618 1198 ille
634 1134 737 1212 habet,
755 1133 831 1199 haec
846 1156 909 1199 raon
926 1135 1048 1200 nimium
1057 1158 1120 1199 mo·

90 1234 186 1296 menti
208 1233 322 1298 haltere
344 1233 530 1298 videbuntur
547 1233 730 1301 scholiorum
753 1232 861 1301 talium¹
877 1237 1028 1301 rationem
1048 1259 1120 1301 con·

88 1336 241 1399 siderauti
260 1344 283 1396 ¹.
307 1333 409 1414 Nam,
426 1346 460 1399 ut
473 1336 532 1400 iam
547 1338 692 1403 monitum
709 1349 775 1417 est,
800 1337 1050 1403 describebantur
1064 1340 1119 1418 ita,

91 1450 136 1513 nt,
155 1439 182 1501 si
197 1437 269 1521 quil
282 1458 407 1522 pravum
422 1438 592 1519 videretur,
610 1441 793 1524 corrigeret,
810 1441 836 1504 si
846 1440 1119 1526 quidsnperlluum,

91 1540 263 1618 omitteret,
279 1539 390 1624 siquid
406 1540 485 1604 scitu
500 1541 573 1604 ulile
588 1542 653 1625 ipse
666 1542 802 1619 haberet,
820 1544 949 1608 adderet
965 1543 1117 1617 librarius,

92 1642 173 1705 haud
190 1663 288 1726 pauca
303 1643 393 1706 ctiam
413 1643 572 1707 oscitantia
594 1654 627 1707 ct
643 1644 817 1726 ignorantia
832 1664 1026 1728 eorrumpere
1041 1645 1121 1707 sole·

91 1746 157 1808 bat.
190 1743 379 1809 Servabalur
399 1766 520 1830 semper
542 1744 608 1810 eius
629 1765 760 1823 nomen,
791 1768 810 1811 a
833 1767 890 1829 quo
910 1746 1026 1810 scholia
1050 1745 1120 1809 olim

90 1849 232 1931 protecta
255 1857 364 1924 erant,
388 1856 422 1912 ct
440 1846 571 1911 manium
591 1847 618 1911 si
639 1868 751 1912 numen
772 1859 840 1913 erat
854 1859 957 1912 notum
973 1859 1005 1911 et
1019 1849 1121 1932 splen·

93 1950 209 2013 alidum.
246 1945 353 2033 ltaque
376 1949 505 2035 quaein
527 1950 585 2031 iis,
616 1970 693 2034 quae
715 1951 807 2015 allata
829 1939 921 2028 suut,
949 1956 1122 2034 congruunt

91 2053 176 2116 iuter
188 2071 244 2130 se,
267 2051 357 2115 iidem
371 2051 447 2115 satis
462 2052 729 2129 comminuunt,
755 2051 888 2117 eiusdem
905 2071 974 2116 esec
990 2049 1120 2115 Cornuti

92 2153 230 2232 scholia,
253 2152 291 2218 de
307 2152 414 2236 quibus
429 2153 611 2236 quaerimus.
634 2150 683 2218 De
699 2164 808 2218 natura
823 2174 897 2217 vero
912 2164 1002 2237 atque
1018 2152 1120 2218 indole

92 2254 313 2320 commetiatur
335 2275 377 2319 ex
398 2255 500 2338 parvis
519 2255 605 2321 hisce
632 2257 812 2339 fragmentis
839 2255 919 2319 haud
949 2255 1120 2338 ambiguum

92 2359 176 2422 ferre
198 2356 341 2421 iudicium
364 2356 456 2436 licet,
479 2376 549 2422 esse
571 2356 697 2422 caeius
719 2357 848 2431 aetatis,
873 2378 949 2440 quae
964 2358 1055 2440 longe
1070 2377 1121 2421 re·

90 2471 174 2524 mota
190 2458 230 2523 ab
245 2458 441 2542 antiquitate,
467 2458 626 2525 obscuram
643 2469 758 2523 tautum
774 2461 841 2524 eius
856 2470 946 2541 atque
963 2461 1119 2523 coniusam

91 2561 298 2645 cognitionem
318 2561 509 2641 servaverit,
540 2572 571 2626 et
592 2582 611 2626 a
632 2562 700 2626 viro
724 2561 851 2646 qucum
882 2562 1038 2646 proiecta,
1070 2561 1120 2643 qui

91 2685 150 2728 nec
187 2664 384 2746 grammatica
419 2663 576 2749 disciplina
604 2663 710 2728 doctus
740 2662 832 2728 inerit
860 2664 976 2747 qualem
1005 2663 1121 2747 antiqui

91 2766 333 2850 conflabantur,
356 2785 411 2829 uec
433 2765 521 2830 bunis
544 2776 576 2829 et
590 2765 731 2851 genuinis
746 2764 880 2830 lontibus
896 2786 968 2830 usus
983 2766 1042 2842 sit,
1065 2765 1119 2829 sel

92 2889 159 2931 cnm
183 2867 329 2952 maedan
356 2868 441 2953 quasi
470 2888 524 2951 per
551 2867 692 2932 nebulam
719 2867 786 2931 visa
816 2878 869 2931 aut
893 2869 972 2931 lama
997 2867 1121 2952 cognita

91 2969 253 3048 habuerit,
282 2971 431 3054 permulta
452 2970 577 3034 finxerit
597 2989 696 3053 neque
723 2970 797 3034 satis
826 2970 915 3035 scite.
954 2967 1120 3035 Possumus

91 3073 129 3136 lc
153 3093 191 3137 ca
214 3094 249 3137 re
273 3092 310 3136 ec
332 3071 445 3136 certius
466 3071 622 3152 iudicare,
646 3072 714 3154 quia
737 3073 767 3136 iu
784 3067 959 3137 Iuvenalem
975 3072 1121 3143 habemus

91 3175 232 3253 scholia,
255 3193 332 3258 quae
354 3194 529 3258 quamquam
552 3174 655 3239 lacera
676 3184 708 3238 et
729 3175 838 3238 misere
855 3177 996 3259 corrupta
1011 3174 1047 3237 ad
1064 3194 1121 3239 nos

91 3286 322 3362 pervenerunt,
352 3275 486 3341 coelicum
514 3274 677 3341 Pithoeani
701 3286 733 3340 et
755 3273 967 3359 sangallensis
989 3276 1120 3341 maxime

91 3379 266 3456 hueficio,
288 3390 389 3443 tamen
411 3377 568 3442 doctrinae
590 3378 629 3440 ab
644 3378 768 3461 antiquo
783 3378 910 3461 quodam
926 3380 1121 3462 grammatico

91 3482 227 3546 traditae
246 3481 378 3566 vestigia
399 3490 544 3559 servant,
570 3491 602 3545 et
622 3480 649 3542 si
670 3500 738 3545 cum
757 3476 886 3544 Cornuti
904 3481 985 3544 uotis
1001 3502 1122 3566 compa·

91 3595 223 3663 rantur,
245 3583 320 3648 satis
341 3592 446 3668 apeme
470 3583 698 3661 demonstrant,
723 3581 792 3664 quid
816 3583 930 3646 distent
951 3602 1023 3646 aera
1047 3582 1124 3667 lupi·

91 3687 141 3751 nis
159 3694 185 3750 ².
218 3684 472 3750 Animadversum
495 3685 555 3749 iam
578 3694 627 3749 cst
647 3705 666 3749 a
687 3680 760 3750 VV.
785 3681 879 3762 ult,
903 3683 980 3751 haee
1004 3685 1123 3750 scholia

92 3788 273 3873 mmmdam
296 3788 373 3853 locis
398 3789 494 3852 verita
524 3796 631 3872 poetae
660 3786 704 3850 ita
729 3785 897 3864 exhibere,
929 3798 963 3851 ut
985 3787 1017 3851 in
1040 3787 1121 3852 nullo

94 3959 198 4014 illem
217 3959 243 4012 ie
265 3959 374 4012 Cornuti
392 3957 498 4011 scholiis
522 3957 555 4010 ad
577 3955 695 4010 Persium
719 3957 801 4010 locum
827 3957 940 4020 habere,
967 3957 1036 4009 inice
1053 3958 1123 4010 vite·

128 4029 225 4080 binas.

94 4095 199 4153 Ποία
222 4095 294 4149 eaelo
316 4111 348 4148 ea
372 4111 430 4148 essa
452 4095 559 4148 nivem
575 4100 763 4161 comparantem
783 4110 833 4145 non
853 4095 943 4159 fugiet.
976 4094 1038 4148 Nam
1056 4095 1123 4163 quoti

129 4167 299 4218 tribulacio
317 4166 414 4217 similia
440 4164 536 4217 halem
558 4164 655 4215 scholia
673 4165 779 4229 antiqua
798 4164 829 4214 ati
848 4163 881 4225 li,
901 4164 950 4216 tut
967 4169 1121 4229 mittentur,

129 4235 324 4300 dimittentur,
349 4230 507 4303 ἀφαίρεσισς
525 4232 557 4284 ati
575 4231 619 4296 lli,
639 4231 671 4283 at
690 4232 734 4282 nbi
753 4231 893 4284 lateralia
911 4233 1020 4284 licitur:
1031 4234 1124 4297 scrire

130 4309 174 4356 sec
195 4302 272 4372 [m]
283 4304 370 4370 som
390 4306 504 4366 elima,-
522 4302 555 4354 ad
572 4300 618 4363 vl,
636 4300 687 4352 ⁴50
706 4302 773 4368 quod
791 4302 960 4369 euthymema
978 4316 1025 4368 per
1074 4300 1124 4352 llo·

127 4377 247 4441 men
269 4373 436 4442 explicatur,
471 4385 504 4424 ca
524 4372 563 4423 ita
590 4376 736 4437 manual-ata
760 4376 837 4434 sunt,
870 4376 900 4420 nt
930 4386 979 4421 noa
1011 4318 1122 4422 miltun

128 4444 244 4511 eniam.
