2574 5054
126 779 179 822 nvn
450 752 813 823 PROLEGOMENA.

167 923 368 1011 Magnideere
383 923 459 1005 hos,
483 927 531 992 his
546 925 624 993 bene
639 927 737 1007 velle,
758 926 806 992 his
818 925 927 993 vivere
943 927 1094 1007 amionm3

169 1024 337 1093 Commoda
351 1038 511 1113 praeterea
525 1028 641 1114 petrino
655 1028 714 1094 sibi
729 1029 824 1115 prima
839 1038 959 1114 nutare,

167 1129 288 1195 Deinde
303 1143 482 1217 parentum,
507 1132 598 1198 tertia
613 1131 671 1197 iam
687 1141 899 1215 postremaque
914 1143 1033 1198 nostra.

127 1229 254 1299 Videbis
269 1233 299 1297 in
316 1231 417 1300 Persii
429 1233 533 1300 verbis
548 1233 678 1298 eundem
693 1251 762 1298 esse
777 1253 901 1300 sensum
916 1245 1008 1319 etque
1019 1236 1149 1300 animum

126 1356 327 1420 expressum,
350 1357 544 1414 sermonem,
567 1344 778 1421 praeterquam
798 1335 877 1420 quud
896 1338 996 1402 stoice
1018 1338 1150 1424 ptumo

126 1439 196 1523 phia
210 1439 306 1503 tincto
321 1449 370 1503 est
390 1439 550 1522 (virtutem
573 1457 635 1501 non
650 1437 806 1516 nominat,
823 1437 878 1502 sed
894 1458 1004 1504 causas
1019 1445 1149 1525 rerum),

125 1542 249 1605 multum
280 1541 433 1607 diversum
458 1561 529 1606 esse
550 1560 568 1603 a
591 1538 740 1624 simplici,
770 1539 908 1624 prolixo,
939 1553 973 1606 at
993 1562 1064 1608 eum
1079 1563 1152 1607 eon·

127 1642 273 1707 cinnitate
295 1643 357 1708 vim
378 1644 525 1728 quandam
541 1661 723 1726 generosam
738 1642 943 1727 coniungente
958 1639 1072 1708 Lucilii
1086 1664 1151 1709 ser·

127 1766 231 1812 mnne.
262 1741 395 1811 Gravius
417 1756 484 1823 est,
509 1743 588 1829 quod
611 1743 649 1807 de
668 1743 764 1829 prima
777 1742 879 1809 Persii
893 1745 988 1810 satira
1003 1746 1150 1810 refertur.

126 1845 209 1912 Nem
231 1847 310 1930 quod
333 1848 365 1910 iu
388 1848 451 1911 vita
472 1844 594 1929 antiqua
618 1846 749 1930 legiture
771 1845 838 1910 Sed
854 1867 930 1911 mox
950 1847 1152 1912 udeocltolio

127 1951 353 2035 magistrisque
375 1947 521 2027 denertr't,
552 1948 632 2013 lecto
659 1947 741 2013 libro
768 1948 890 2015 Lucilii
913 1947 1033 2014 decim
1062 1949 1152 2014 oede-

127 2058 248 2114 menter
269 2052 389 2114 entim
414 2071 597 2134 componere
625 2052 781 2126 restituit,
812 2054 901 2116 etates
928 2050 1007 2115 libri
1030 2053 1152 2115 detritae

127 2156 269 2218 circitatur
288 2162 353 2229 eet,
375 2153 440 2217 ribi
452 2154 576 2238 prirno,
599 2173 676 2216 mon
697 2152 837 2218 omnidur
858 2153 1059 2219 moretm
1083 2174 1152 2218 cam

128 2267 218 2320 tantu
239 2257 409 2320 recentium
426 2263 595 2341 poetarum
618 2262 651 2316 et
678 2264 839 2320 oratorum
869 2257 1094 2330 r'neeetetr'one,
1117 2262 1154 2318 ut

128 2361 221 2422 etiam
248 2355 404 2422 Neronem
428 2357 600 2442 pnicerirem
628 2356 715 2420 illiue
742 2359 890 2443 temporie
911 2357 1090 2444 aequaverit
1109 2389 1151 2405 -

126 2459 204 2526 haee
218 2461 311 2543 igitur
324 2459 363 2524 ad
377 2459 501 2545 primam
517 2459 642 2523 satiram
659 2469 800 2543 spectare
815 2460 1007 2524 manifestum
1022 2470 1082 2524 est.
1114 2455 1150 2522 ln

128 2562 185 2628 hac
208 2563 288 2627 enim
311 2561 424 2646 quern,
448 2561 479 2624 in
510 2561 656 2646 prologo,
679 2560 737 2625 sibi
765 2561 897 2626 detrahit
917 2568 947 2639 ¹,
979 2559 1090 2626 deiude
1119 2561 1150 2625 iu

128 2676 234 2748 poetas
258 2674 291 2730 et
312 2672 451 2729 oratores
473 2664 521 2727 sui
543 2663 686 2747 temporis
707 2663 862 2747 ipsumque
883 2661 1044 2728 Neronem
1064 2663 1152 2727 inre·

128 2764 229 2845 luitur,
245 2766 323 2851 quud
339 2767 376 2830 de
392 2766 504 2831 ceteris
519 2765 621 2830 satiris
637 2785 699 2829 nou
714 2766 808 2830 velet.
842 2761 946 2849 ltaque
961 2765 1044 2829 idem
1058 2761 1152 2829 Luci-

127 2868 200 2932 liani
214 2867 283 2933 libri
298 2869 495 2933 imitationem
511 2868 549 2932 ad
564 2867 643 2932 hauc
658 2868 844 2953 potissimum
867 2869 1050 2932 celeremus.
1079 2863 1152 2931 Fuit

128 2981 229 3035 autem
252 2968 364 3036 Lucilii
384 2971 478 3035 satire
500 2971 533 3034 iu
556 2991 592 3034 ea
615 2991 650 3036 re
673 2990 792 3054 quoqne
808 2980 974 3055 occupatu,
997 2980 1032 3035 ut
1045 2980 1151 3055 poetas

129 3074 312 3157 castigaret,
349 3082 409 3137 tam
443 3071 600 3150 Graecos,
636 3073 716 3137 sicut
744 3070 920 3156 Euripidem
957 3081 1046 3136 taxat
1073 3073 1151 3157 apud

131 3174 260 3240 Gellium
277 3171 364 3258 (Vll,
381 3173 437 3256 3),
459 3196 546 3259 quam
568 3173 737 3239 Romanos.
771 3171 978 3247 Notavitlnoc
992 3173 1152 3260 praecipue

131 3276 248 3342 Gellius
269 3274 488 3362 (xv11‚21)2
524 3277 638 3362 Neque
656 3295 773 3362 magno
795 3275 960 3339 &tenello
978 3286 1092 3362 postea
1114 3277 1150 3359 Q.

131 3379 254 3444 Ennius
277 3388 307 3442 et
327 3382 421 3443 niceto
439 3377 597 3443 Caecilius
611 3386 644 3441 et
670 3377 834 3443 Terentius
848 3399 886 3442 oe
899 3376 1035 3443 eudendo
1050 3378 1153 3443 Pacu·

128 3485 217 3556 virts,
250 3490 281 3545 et
308 3480 443 3544 Pacuuio
471 3482 533 3544 iem
559 3501 633 3544 sene
655 3480 787 3558 Attius,
822 3480 1000 3566 clariorque
1022 3488 1099 3543 tune
1120 3480 1152 3542 in

123 3585 279 3668 poematis
300 3603 406 3646 eornm
429 3582 641 3654 obtrectandis
663 3581 807 3647 Lucilius
819 3581 910 3666 suit,
940 3581 992 3645 ubi
1012 3603 1152 3666 magnam

129 3686 161 3748 iu
183 3684 241 3750 hac
263 3706 393 3750 censura
418 3683 599 3751 Lucilianae
628 3685 742 3750 satirae
771 3695 887 3769 partem
914 3685 1034 3770 posuit,
1066 3683 1153 3749 cuius

128 3799 248 3950 qestant
262 3789 350 3852 etiam
365 3788 424 3851 alia
440 3787 580 3872 vestigia.
606 3785 783 3852 Clarissime
801 3784 943 3851 {lentius
962 3788 1037 3869 (sat.
1052 3783 1081 3866 l,
1099 3781 1151 3862 10,

153 3889 174 3953 2
188 3891 378 4056 squllcnunis
394 3993 503 4077 tragici
517 4001 612 4055 mutat
626 3989 762 4056 Lucilius
777 3989 869 4057 Atti?

216 4090 291 4157 Non
307 4094 387 4158 ridet
400 4115 509 4159 versus
525 4092 606 4157 Enni
623 4093 774 4177 gravitate
789 4093 934 4169 minores,

217 4192 294 4259 Cum
310 4195 347 4259 de
362 4214 397 4258 se
411 4195 544 4280 loquitur
559 4217 621 4259 uon
636 4206 670 4259 ut
684 4195 799 4260 maiore
814 4194 994 4282 reprensist

133 4385 143 4435 l
167 4382 313 4433 detundere
338 4381 433 4444 alicui,
459 4383 477 4433 i.
496 4398 521 4434 e.
540 4382 668 4448 irridere,
691 4384 725 4436 el.
751 4382 830 4436 schol.
856 4380 877 4445 Ι,
904 4383 949 4435 58ε
975 4382 1152 4446 (Iano)nenan

164 4468 214 4517 per
227 4452 376 4503 absentiam
394 4449 535 4504 eneam
549 4456 649 4518 potent.
