2574 5054
446 768 814 835 tnotneotttsttt.

254 939 382 1026 Saepius
396 941 428 1005 iu
444 939 522 1004 libro
539 947 737 1005 numerator¹
751 934 879 1006 Persius
893 960 956 1006 uno

291 1041 390 1125 Quam
405 1043 483 1108 levis
498 1043 530 1106 iu
546 1052 610 1106 tota
625 1039 749 1107 Marsus
765 1042 971 1107 Amazonide.

126 1147 227 1229 Atque
242 1163 308 1209 eum
324 1155 431 1230 postea
447 1164 564 1229 quoque
578 1145 610 1208 in
626 1164 680 1209 ore
693 1145 831 1210 virorum
846 1145 941 1211 tuisse
963 1145 1108 1210 eruditon

128 1249 238 1312 docent
259 1269 336 1332 quae
360 1247 397 1312 de
420 1245 614 1332 Septimio
636 1257 727 1331 atque
743 1245 977 1311 Alexandro
1002 1243 1102 1312 Sere

127 1361 308 1430 narrantur,
331 1362 366 1415 ut
385 1347 488 1417 Persii
508 1349 604 1415 verba
625 1368 772 1434 usurpare
792 1347 875 1414 soliti
889 1349 954 1414 siut
968 1349 1025 1432 (ei.
1045 1345 1108 1435 Spa

128 1450 279 1517 Pesceuu.
302 1450 378 1536 Nig.
396 1451 418 1516 3
439 1453 480 1516 oi.
497 1462 556 1516 εει.
573 1448 601 1529 1,
619 1447 694 1515 103.
717 1446 875 1534 Lamprid.
900 1449 998 1516 Alex.
1017 1449 1093 1517 Seu.

128 1554 166 1618 cl.
184 1564 244 1618 sat.
262 1551 304 1632 ΙΙ,
321 1552 389 1640 ott).
413 1551 519 1638 Itaque
533 1550 659 1617 Persius
674 1551 706 1615 in
722 1573 878 1617 numerum
894 1553 1108 1619 satiricorum]

128 1667 232 1740 ceptus
255 1667 321 1733 est,
352 1656 402 1740 qni
423 1678 497 1742 prae
521 1655 634 1721 ceteris
657 1655 859 1738 Ιεςειιειιιεε,Ι
888 1666 1008 1721 etcum
1032 1651 1108 1721 Luci

128 1769 160 1823 et
182 1757 308 1821 Horatio
332 1759 527 1843 coniungitur
553 1780 572 1822 a
593 1755 785 1822 Diomede
810 1755 876 1839 (ΙΙΙ
890 1780 921 1843 p.
938 1756 1004 1823 482
1018 1755 1108 1823 chls

128 1881 175 1924 or.
193 1856 237 1935 V,
253 1857 308 1945 6),
330 1861 370 1923 ci.
393 1857 447 1923 lo.
473 1857 605 1946 Lydus
626 1859 680 1943 (de
695 1879 775 1944 mag.
793 1856 820 1939 1,
837 1857 912 1940 41),
936 1859 1046 1943 quiite
1061 1860 1099 1927 de

128 1973 217 2044 atque
232 1960 361 2025 Horatio
377 1961 509 2026 iudicat:
531 1957 685 2047 Ὁράτιος
705 1965 771 2048 μὲν
791 1954 854 2028 otis
873 1965 935 2038 ἔξω
958 1961 1019 2048 τῆς
1032 1963 1108 2054 εέχε

128 2063 255 2153 χορῶν·
281 2062 427 2147 Hc'poroe
448 2061 485 2132 ot
499 2062 561 2131 τόν
583 2061 730 2149 ποιητήν
745 2058 912 2152 Σώφρονα
926 2058 1108 2152 μιμήσεσι

128 2164 244 2232 θέλων
262 2163 301 2230 τό
324 2159 547 2252 Λυκόφρονος
568 2166 745 2252 παρῆλθεν
765 2161 930 2252 ἆμευρόν.
963 2167 1069 2252 Atque
1083 2169 1108 2232 hi

129 2269 218 2352 longa
234 2268 417 2353 scriptorum
432 2269 529 2333 series
545 2267 653 2347 oritur,
671 2288 746 2351 quos
761 2265 901 2333 Persium
916 2268 1054 2335 studiose
1069 2271 1108 2335 let

128 2381 212 2434 tasse
228 2371 359 2433 constat.
388 2367 681 2448 Grammaticorum,
704 2369 787 2434 inter
801 2391 875 2455 qnos
891 2368 1108 2436 Censorius

129 2472 253 2535 nomino
277 2470 331 2549 (de
347 2470 395 2536 die
412 2471 483 2537 nit
504 2473 543 2536 ol.
567 2482 626 2537 sat.
643 2469 685 2550 11,
702 2470 781 2558 in),
810 2484 900 2557 atque
921 2473 1108 2559 scholiastes

130 2574 230 2638 nullus
246 2575 310 2637 iere
326 2583 393 2651 est,
416 2574 467 2658 qui
489 2594 550 2637 non
572 2573 675 2641 Persii
696 2574 791 2640 verba
813 2573 845 2639 in
860 2576 1108 2643 testimohiumai

130 2686 197 2739 rat:
222 2680 295 2758 duos
311 2674 360 2738 hic
375 2695 540 2743 recensere
554 2677 677 2761 longdrn
693 2689 759 2754 est,
784 2689 815 2741 et
831 2676 864 2742 in
878 2676 1108 2746 annotationes

131 2779 191 2843 tica
206 2778 332 2862 singulis
347 2776 424 2843 iocis
439 2778 637 2844 adhibuimus.
653 2778 822 2845 Proete'rea
836 2800 912 2846 vero
923 2775 1072 2866 'permulti
1084 2802 1108 2848 ει

131 2882 316 2966 scriptores,
350 2880 399 2964 qui
426 2891 611 2965 quantopere
632 2883 706 2968 ipsis
732 2876 881 2968 placuerit
895 2879 1008 2948 'Persii
1039 2888 1108 2951 seru

132 3002 218 3071 quern
235 2980 355 3046 assidua
370 2982 502 3047 lectione
517 2984 596 3051 hene
612 2985 765 3068 cognitum
781 2983 949 3064 habehant,
975 3007 1012 3050 co
1030 2985 1108 3052 tenu

132 3094 249 3161 strant,
275 3086 353 3168 quod
376 3085 519 3149 imitando
540 3087 636 3174 magis
657 3086 795 3152 minusve
815 3087 975 3172 perspicue
992 3094 1108 3175 expres

133 3199 221 3252 runt:
246 3208 370 3272 quorum
387 3188 529 3272 quosdam
544 3189 654 3253 afferre
669 3189 766 3254 visum
782 3196 840 3253 est.
871 3187 975 3273 Itaque
997 3201 1108 3275 poetar

134 3290 340 3354 Ausonius
364 3291 520 3373 permultis
543 3289 618 3355 locis
646 3288 784 3355 Persium
815 3303 920 3377 aperte
945 3291 1081 3357 imitatus

133 3394 189 3474 (oi.
207 3394 243 3456 ad
260 3402 319 3456 sat.
336 3385 393 3471 w,
413 3388 465 3455 10.
487 3391 529 3470 V,
545 3391 587 3455 24
602 3413 648 3477 sq.
661 3391 741 3475 86),
773 3404 863 3476 atque
890 3391 1083 3458 Paulinus
1104 3412 1108 3459 ι

135 3490 176 3572 V,
193 3491 269 3580 86),
293 3494 464 3558 necminus
481 3491 958 3581 Sidoniushpoilineris,
983 3496 1034 3580 qui
1055 3494 1108 3560 Per

134 3599 272 3683 rigorem
301 3596 437 3660 laudavit
464 3595 574 3681 (earm.
606 3593 666 3675 IX,
689 3596 787 3680 264),
816 3617 907 3681 saepe
937 3597 1069 3681 vestigia
1092 3616 1108 3663 ε

134 3701 256 3785 pressit.
287 3696 455 3784 Praecipue
471 3699 637 3782 scriptores
653 3696 821 3764 Christiani
842 3699 881 3763 oh
903 3699 1032 3764 ethicam
1057 3720 1108 3785 gra

135 3814 227 3868 tatem
251 3813 283 3867 et
305 3822 421 3867 morum
442 3799 690 3886 corrigendorum
713 3802 909 3867 severitatem
931 3799 1107 3888 Persiump

134 3904 262 3980 hornut,
295 3926 393 3988 neque
417 3904 603 3970 erubuerunt
626 3924 692 3968 eum
717 3905 802 3989 sequi
828 3925 890 3968 uon
915 3905 1013 3969 solum
1035 3915 1107 3989 poet

135 4008 184 4090 qui
215 4006 398 4072 carminibus
428 4005 607 4092 religionem
636 4002 840 4079 Christianam
873 4005 1090 4088 celebrarunt,

135 4108 380 4175 Prudentius
402 4109 454 4192 (ad
472 4107 497 4186 Ι,
516 4107 571 4195 13)
592 4094 833 4175 et'Sedulius
854 4109 908 4194 (ad
923 4105 981 4186 111,
999 4106 1075 4194 87),
1103 4132 1108 4174 ι

135 4224 239 4298 patres
254 4211 343 4276 etiant
359 4212 559 4277 ecelesiastici
578 4233 739 4299 magnum,
764 4213 842 4296 quod
865 4212 897 4276 in
918 4209 1028 4276 Persio
1051 4230 1106 4298 pos

139 4387 147 4438 l
171 4385 208 4436 itu
226 4385 307 4436 edidit
324 4400 338 4434 e
356 4383 429 4434 codd.
448 4381 657 4436 Schneidewiuus
675 4402 720 4453 pro
747 4385 818 4448 vulp.
844 4389 1020 4437 mensuratur.
1057 4383 1094 4437 De

169 4457 251 4521 epigr.
271 4454 304 4505 ei.
325 4450 477 4514 Weichert‚
496 4460 575 4519 poctt.
595 4452 667 4505 hott.
690 4454 749 4507 redi.
769 4470 794 4521 p.
813 4452 864 4508 2⁵³
873 4468 930 4519 sqq.
