2574 5054
183 796 224 838 44
510 770 882 836 Pu-ousuouuua.

183 940 335 1011 Modern
357 940 480 1028 (Anall.
502 939 598 1007 Bero.
622 937 669 1006 111
683 963 714 1027 p.
731 939 773 1006 1⁰
786 962 852 1026 sqq.
870 942 911 1007 el.
928 937 1048 1006 044441
1062 938 1162 1007 beitr.
1179 941 1211 1007 II

183 1067 214 1132 p.
230 1043 293 1112 281
308 1046 405 1130 sqq).
433 1045 544 1112 'I'alom
568 1065 643 1128 ergo
659 1045 794 1110 codicem
809 1042 1027 1130 Pomponium,
1051 1045 1102 1128 qui
1117 1045 1210 1110 etiam

184 1149 321 1216 oodicem
343 1146 519 1214 Medioenm
540 1148 665 1231 eiusque
687 1146 803 1212 scholia
832 1147 1009 1232 usurpavit,
1039 1156 1073 1211 ut
1094 1167 1136 1211 ex
1159 1147 1210 1226 iis,

184 1271 260 1336 qnae
282 1250 399 1314 monuit
422 1248 573 1334 Soringar
598 1250 636 1334 (1.
653 1250 676 1314 1.
693 1246 724 1314 ll
739 1272 769 1336 p.
787 1247 885 1331 151),
915 1250 980 1335 plus
1009 1269 1098 1333 quam
1128 1251 1214 1315 veri·

182 1353 280 1418 simile
301 1363 370 1431 est,
392 1352 565 1417 adhibuisse
590 1372 710 1417 omnem
730 1353 798 1418 veri
820 1351 953 1438 speciem
969 1351 1077 1430 babet,
1101 1363 1135 1417 et
1150 1355 1213 1417 ior-

183 1465 266 1520 tasso
276 1455 303 1519 is
317 1454 349 1519 in
358 1453 540 1518 bibliotheca
556 1454 681 1538 quadam
697 1475 778 1520 nunc
795 1453 956 1518 delitescit.
966 1451 1002 1517 ln
1019 1454 1125 1517 eodem
1141 1455 1213 1538 quin

183 1556 265 1621 edita
279 1554 374 1621 Probi
389 1555 506 1621 scholia
519 1557 653 1636 inerint,
677 1579 740 1621 non
755 1567 856 1642 potest
870 1556 1016 1633 dubitari,
1034 1577 1103 1619 nam
1119 1557 1212 1621 etiam

183 1658 223 1724 ad
244 1656 391 1724 Bnoolioa
412 1668 445 1722 et
467 1656 621 1743 Georgica
642 1656 776 1724 Probum
797 1658 902 1723 14444(
921 1654 1106 1742 Pomponius
1123 1657 1214 1723 Sabi-

183 1782 262 1839 nus,
292 1762 400 1846 partim
422 1760 484 1840 ita,
514 1771 548 1824 ut
569 1761 676 1826 eadem
698 1782 779 1826 nuno
807 1759 944 1846 legamus
973 1759 1049 1844 apud
1077 1757 1213 1824 Probum

184 1862 314 1946 (introd.
330 1863 368 1927 44
383 1862 454 1927 luel.
470 1859 498 1942 l,
515 1858 558 1926 46
574 1864 624 1946 [cl.
641 1863 780 1944 introd.].
803 1858 847 1942 11,
863 1860 918 1927 61.
935 1858 1008 1941 VII,
1024 1858 1079 1927 61.
1095 1861 1142 1941 Χ,
1158 1861 1211 1927 18.

185 1961 304 2050 Georq.
320 1962 349 2042 I,
365 1963 420 2028 47.
436 1960 491 2029 66.
508 1963 562 2031 73.
581 1964 654 2031 124.
673 1963 747 2030 163.
762 1962 839 2029 239.
855 1963 922 2030 492
942 1965 993 2046 [41.
1010 1964 1092 2029 edito
1106 1962 1214 2029 Probo

183 2066 224 2131 ad
237 2063 296 2145 lv,
319 2064 407 2147 399].
430 2064 474 2145 II,
499 2065 573 2131 119.
596 2065 670 2132 126.
696 2063 757 2146 111,
778 2064 821 2131 63
844 2070 923 2148 [cum
943 2067 1030 2131 varIa
1052 2066 1212 2148 lectione].

144 2157 149 2165 ’
182 2167 247 2234 317
276 2169 328 2251 [41.
352 2169 433 2233 edito
456 2167 561 2234 Probo
583 2171 621 2234 ad
636 2166 664 2247 I,
681 2167 753 2250 14],
785 2169 893 2254 partim
922 2169 1054 2234 aderens
1081 2189 1159 2253 quaa
1180 2170 1213 2234 in

183 2269 275 2336 editis
290 2269 413 2336 soboliis
429 2291 490 2335 non
506 2271 704 2338 inveniuntur
718 2272 770 2354 (ad
786 2270 856 2337 Eel.
866 2268 893 2347 I,
906 2267 958 2333 12.
967 2269 1019 2336 59.
1030 2269 1085 2335 71.
1102 2267 1148 2349 Χ,
1159 2269 1211 2336 56.

185 2368 301 2456 Goorg.
324 2368 354 2450 I,
374 2370 429 2438 67.
450 2370 526 2439 399.
558 2371 600 2452 II,
625 2371 656 2437 1.
687 2372 748 2452 lv,
772 2370 846 2438 125.
875 2369 977 2453 361),
1008 2383 1043 2438 nt
1069 2385 1215 2459 appareat

182 2474 275 2539 etiam
295 2473 350 2539 bac
369 2485 457 2559 parte
478 2475 643 2560 pleniorem
666 2476 732 2540 eius
754 2477 850 2540 fuisse
863 2474 1011 2539 oodioem.
1042 2473 1120 2540 Illud
1136 2497 1213 2541 vero

182 2576 291 2641 4414444
312 2577 384 2642 mibi
406 2577 534 2656 accidit,
558 2577 636 2661 quod
656 2575 844 2664 Pomponius
868 2577 906 2641 44
930 2577 1013 2642 Aen.
1035 2573 1126 2652 VIII,
1149 2576 1213 2642 383

184 2699 228 2745 ex
247 2676 353 2743 Probo
375 2699 499 2764 prorsus
521 2680 640 2764 gemina
661 2681 698 2745 iis
720 2680 832 2758 tradit,
855 2699 933 2762 quae
957 2676 1086 2744 Servius
1101 2679 1213 2744 ibidem

184 2799 227 2844 ex
240 2782 344 2865 Aspen
359 2782 466 2860 affert,
494 2793 601 2847 contra
623 2782 660 2847 ad
677 2780 794 2868 Georg.
811 2779 838 2861 I,
854 2779 918 2848 239
934 2801 976 2845 cx
990 2783 1110 2866 Aspro,
1133 2804 1212 2866 qnae

36 2887 39 2895 '
183 2882 216 2946 in
230 2879 324 2946 Probi
340 2882 462 2948 soboliis
478 2884 640 2970 leguntur,
661 2896 753 2970 atque
768 2886 800 2950 in
816 2886 924 2949 eadem
939 2878 1137 2949 annotatione
1153 2886 1213 2949 alia

182 2980 286 3048 Probo
301 2994 426 3051 auctore
442 2988 549 3065 affert,
566 3006 643 3072 quae
658 2987 737 3072 apud
753 3009 821 3053 enm
836 3008 910 3052 vere
925 2988 1079 3070 leguntur.
1098 2983 1212 3052 Omnia

183 3086 259 3153 baec
281 3099 382 3153 antem
405 3089 443 3152 ad
468 3085 582 3154 Valerii
597 3087 692 3153 Probi
706 3087 826 3177 Berytii
841 3089 1075 3156 commentarios
1090 3088 1122 3153 in
1139 3087 1213 3154 Vir·

183 3191 286 3276 gilium
309 3202 452 3275 tanquam
472 3191 510 3257 44
530 3191 684 3275 antiquum
710 3194 824 3258 iontem
847 3192 1010 3259 441444444
1032 3211 1102 3256 esse
1125 3202 1211 3276 puto,

182 3290 220 3358 44
250 3292 378 3378 singolis
407 3294 590 3379 quibusque,
626 3305 660 3358 ut
688 3314 814 3379 aequum
844 3305 911 3376 est,
943 3295 1117 3360 cautionem
1147 3315 1210 3359 non

184 3407 389 3480 suscepturus.

269 3529 359 3596 Hunc
388 3534 518 3598 eundem
550 3531 708 3599 Valerium
735 3532 871 3599 Probum
899 3553 969 3599 esse
1003 3551 1140 3613 censeo,
1174 3534 1212 3599 de

184 3633 270 3700 ouius
301 3628 519 3700 commentario
547 3637 667 3702 sublata
696 3657 764 3702 esse
792 3637 953 3701 traduntur
981 3656 1058 3720 quae
1087 3635 1212 3700 devita

182 3733 285 3802 Persii
300 3739 489 3803 referuntur.
525 3736 615 3822 Quod
630 3739 657 3804 si
672 3739 738 3823 quis
753 3739 899 3818 miretur,
924 3758 1012 3817 eum,
1036 3735 1086 3820 qui
1102 3757 1212 3801 secun·

184 3838 253 3903 dum
275 3835 455 3907 Suetonium
476 3851 598 3907 veteres
622 3841 808 3927 potissimum
829 3841 994 3924 scriptores
1017 3840 1208 3915 tractaverit,

181 3938 291 4005 Persio
307 3965 425 4029 quoque
438 3966 561 4030 operam
571 3944 704 4023 dedisse,
719 3943 854 4029 potestid
875 3945 1006 4006 fortasse
1022 3962 1084 4005 non
1099 3941 1212 4006 iniuria

183 4032 305 4123 afferri,
330 4047 408 4130 quod
424 4067 512 4130 supra
527 4048 586 4110 iam
600 4046 745 4112 monitum
762 4058 827 4125 est,
845 4042 986 4110 Persium
1002 4044 1049 4108 sui
1064 4045 1211 4130 temporis

183 4147 283 4210 studia
306 4148 506 4212 contemsisse
530 4160 562 4212 et
582 4151 772 4233 antiquorum
802 4148 943 4213 indicium
965 4144 1103 4212 secutum
1127 4166 1211 4227 esse,

181 4247 264 4311 unde
286 4249 412 4312 aliorum
435 4249 573 4314 similiter
593 4251 787 4317 iudicantium
813 4251 949 4335 plausum
979 4250 1059 4314 tulit.
1097 4246 1211 4332 Quom·

183 4371 272 4434 quam
294 4351 331 4416 de
355 4350 464 4416 talibus
493 4353 610 4418 facilius
633 4365 682 4418 est
709 4374 878 4439 quaerere,
910 4374 998 4436 quam
1021 4353 1211 4438 respondere

182 4452 225 4516 ita
254 4462 288 4518 ut
316 4453 529 4538 quaerentibus
559 4456 697 4522 satisfiat.
735 4453 854 4523 Valerii
882 4466 984 4521 autem
1007 4451 1101 4520 Probi
1124 4466 1210 4522 aetas
