<?xml version="1.0" encoding="UTF-8"?>
<!DOCTYPE html PUBLIC "-//W3C//DTD XHTML 1.0 Transitional//EN"
    "http://www.w3.org/TR/xhtml1/DTD/xhtml1-transitional.dtd">
<html xmlns="http://www.w3.org/1999/xhtml" xml:lang="en" lang="en">
 <head>
  <title>
</title>
<meta http-equiv="Content-Type" content="text/html;charset=utf-8" />
  <meta name='ocr-system' content='tesseract 3.04.00' />
  <meta name='ocr-capabilities' content='ocr_page ocr_carea ocr_par ocr_line ocrx_word'/>
</head>
<body>
  <div class='ocr_page' id='page_1' title='image "./satirarumliberc00jahngoog_0217.png"; bbox 0 0 2574 5054; ppageno 0'>
   <div class='ocr_carea' id='block_1_1' title="bbox 187 773 876 839">
    <p class='ocr_par' dir='ltr' id='par_1_1' title="bbox 187 773 876 839">
     <span class='ocr_line' id='line_1_1' title="bbox 187 773 876 839; baseline 0 -1"><span class='ocrx_word' id='word_1_1' title='bbox 187 795 225 838; x_wconf 84' lang='lat' dir='ltr'>ee</span> <span class='ocrx_word' id='word_1_2' title='bbox 510 773 876 839; x_wconf 69' lang='lat' dir='ltr'>emundandum.</span> 
     </span>
    </p>
   </div>
   <div class='ocr_carea' id='block_1_2' title="bbox 187 895 1085 1457">
    <p class='ocr_par' dir='ltr' id='par_1_2' title="bbox 294 895 1085 1030">
     <span class='ocr_line' id='line_1_2' title="bbox 294 895 1085 1030; baseline -0.004 -19"><span class='ocrx_word' id='word_1_3' title='bbox 294 914 383 1011; x_wconf 78' lang='lat' dir='ltr'>Tunc</span> <span class='ocrx_word' id='word_1_4' title='bbox 399 897 521 1012; x_wconf 71' lang='lat' dir='ltr'>criseas</span> <span class='ocrx_word' id='word_1_5' title='bbox 536 914 683 1010; x_wconf 77' lang='lat' dir='ltr'>{munisse</span> <span class='ocrx_word' id='word_1_6' title='bbox 699 915 763 1010; x_wconf 83' lang='lat' dir='ltr'>dies</span> <span class='ocrx_word' id='word_1_7' title='bbox 779 896 905 1030; x_wconf 68' lang='lat' dir='ltr'>liueemd.</span> <span class='ocrx_word' id='word_1_8' title='bbox 923 895 1085 1030; x_wconf 68' lang='lat' dir='ltr'>pilnstrem</span> 
     </span>
    </p>

    <p class='ocr_par' dir='ltr' id='par_1_3' title="bbox 187 1067 1055 1302">
     <span class='ocr_line' id='line_1_3' title="bbox 291 1067 1055 1186; baseline -0.003 -22"><span class='ocrx_word' id='word_1_9' title='bbox 291 1097 335 1165; x_wconf 86' lang='grc' dir='ltr'><strong>Ει</strong></span> <span class='ocrx_word' id='word_1_10' title='bbox 348 1069 406 1165; x_wconf 79' lang='lat' dir='ltr'>sibi</span> <span class='ocrx_word' id='word_1_11' title='bbox 421 1069 493 1166; x_wconf 72' lang='lat' dir='ltr'>iim.</span> <span class='ocrx_word' id='word_1_12' title='bbox 502 1068 604 1165; x_wconf 66' lang='lat' dir='ltr'>mineri</span> <span class='ocrx_word' id='word_1_13' title='bbox 618 1067 711 1165; x_wconf 75' lang='lat' dir='ltr'>uitam</span> <span class='ocrx_word' id='word_1_14' title='bbox 724 1067 904 1186; x_wconf 74' lang='lat' dir='ltr'>ingdmuere</span> <span class='ocrx_word' id='word_1_15' title='bbox 919 1068 1055 1165; x_wconf 65' lang='lat' dir='ltr'>relictam</span> 
     </span>
     <span class='ocr_line' id='line_1_4' title="bbox 187 1216 809 1302; baseline 0.006 -20"><span class='ocrx_word' id='word_1_16' title='bbox 187 1228 219 1283; x_wconf 77' lang='lat' dir='ltr'>et</span> <span class='ocrx_word' id='word_1_17' title='bbox 233 1216 277 1298; x_wconf 87' lang='lat' dir='ltr'>V,</span> <span class='ocrx_word' id='word_1_18' title='bbox 295 1217 357 1283; x_wconf 83' lang='lat'>138</span> <span class='ocrx_word' id='word_1_19' title='bbox 372 1241 439 1302; x_wconf 71' lang='lat' dir='ltr'>atq-e</span> <span class='ocrx_word' id='word_1_20' title='bbox 797 1240 809 1286; x_wconf 85' lang='grc' dir='ltr'><strong>ι</strong></span> 
     </span>
    </p>

    <p class='ocr_par' dir='ltr' id='par_1_4' title="bbox 293 1321 1010 1457">
     <span class='ocr_line' id='line_1_5' title="bbox 293 1321 1010 1457; baseline -0.007 -19"><span class='ocrx_word' id='word_1_21' title='bbox 293 1341 378 1438; x_wconf 72' lang='lat' dir='ltr'>Uaro</span> <span class='ocrx_word' id='word_1_22' title='bbox 394 1340 581 1457; x_wconf 59' lang='lat' dir='ltr'>rignstntum</span> <span class='ocrx_word' id='word_1_23' title='bbox 597 1339 689 1457; x_wconf 81' lang='lat' dir='ltr'>digito</span> <span class='ocrx_word' id='word_1_24' title='bbox 705 1323 862 1438; x_wconf 70' lang='lat' dir='ltr'>lecebrare</span> <span class='ocrx_word' id='word_1_25' title='bbox 881 1321 1010 1437; x_wconf 78' lang='lat' dir='ltr'>salinum</span> 
     </span>
    </p>
   </div>
   <div class='ocr_carea' id='block_1_3' title="bbox 292 1475 1042 1612">
    <p class='ocr_par' dir='ltr' id='par_1_5' title="bbox 292 1475 1042 1612">
     <span class='ocr_line' id='line_1_6' title="bbox 292 1475 1042 1612; baseline 0 -22"><span class='ocrx_word' id='word_1_26' title='bbox 292 1475 461 1612; x_wconf 71' lang='lat' dir='ltr'>Cbntdptus</span> <span class='ocrx_word' id='word_1_27' title='bbox 475 1480 580 1611; x_wconf 60' lang='lat' dir='ltr'>bages.</span> <span class='ocrx_word' id='word_1_28' title='bbox 597 1526 624 1590; x_wconf 83' lang='lat' dir='ltr'>ei</span> <span class='ocrx_word' id='word_1_29' title='bbox 639 1526 743 1590; x_wconf 89' lang='lat' dir='ltr'>uiuere</span> <span class='ocrx_word' id='word_1_30' title='bbox 760 1495 825 1589; x_wconf 81' lang='lat' dir='ltr'>eum</span> <span class='ocrx_word' id='word_1_31' title='bbox 841 1527 910 1591; x_wconf 91' lang='lat' dir='ltr'>ioue</span> <span class='ocrx_word' id='word_1_32' title='bbox 930 1496 1042 1593; x_wconf 80' lang='lat' dir='ltr'>tendis.</span> 
     </span>
    </p>
   </div>
   <div class='ocr_carea' id='block_1_4' title="bbox 64 1675 1211 4512">
    <p class='ocr_par' dir='ltr' id='par_1_6' title="bbox 183 1675 1211 2569">
     <span class='ocr_line' id='line_1_7' title="bbox 187 1675 1211 1763; baseline 0 -20"><span class='ocrx_word' id='word_1_33' title='bbox 187 1675 311 1743; x_wconf 80' lang='lat' dir='ltr'>Similes</span> <span class='ocrx_word' id='word_1_34' title='bbox 333 1699 509 1762; x_wconf 86' lang='lat' dir='ltr'>quamquam</span> <span class='ocrx_word' id='word_1_35' title='bbox 532 1700 592 1742; x_wconf 91' lang='lat' dir='ltr'>nnn</span> <span class='ocrx_word' id='word_1_36' title='bbox 615 1700 739 1763; x_wconf 82' lang='lat' dir='ltr'>prorsus</span> <span class='ocrx_word' id='word_1_37' title='bbox 759 1679 879 1744; x_wconf 87' lang='lat' dir='ltr'>easdem</span> <span class='ocrx_word' id='word_1_38' title='bbox 896 1690 984 1743; x_wconf 83' lang='lat' dir='ltr'>notas</span> <span class='ocrx_word' id='word_1_39' title='bbox 1000 1680 1031 1743; x_wconf 93' lang='lat' dir='ltr'>iu</span> <span class='ocrx_word' id='word_1_40' title='bbox 1047 1678 1115 1743; x_wconf 88' lang='lat' dir='ltr'>cod.</span> <span class='ocrx_word' id='word_1_41' title='bbox 1132 1677 1211 1743; x_wconf 88' lang='lat' dir='ltr'>Ber·</span> 
     </span>
     <span class='ocr_line' id='line_1_8' title="bbox 185 1769 1211 1866; baseline -0.001 -23"><span class='ocrx_word' id='word_1_42' title='bbox 185 1781 274 1844; x_wconf 91' lang='lat' dir='ltr'>nensi</span> <span class='ocrx_word' id='word_1_43' title='bbox 297 1769 418 1866; x_wconf 83' lang='lat' dir='ltr'>Virgilii</span> <span class='ocrx_word' id='word_1_44' title='bbox 443 1782 555 1863; x_wconf 78' lang='lat' dir='ltr'>reperit</span> <span class='ocrx_word' id='word_1_45' title='bbox 579 1779 616 1846; x_wconf 82' lang='lat' dir='ltr'>C.</span> <span class='ocrx_word' id='word_1_46' title='bbox 636 1779 677 1845; x_wconf 89' lang='lat' dir='ltr'>G.</span> <span class='ocrx_word' id='word_1_47' title='bbox 698 1778 844 1846; x_wconf 85' lang='lat' dir='ltr'>Miillerus</span> <span class='ocrx_word' id='word_1_48' title='bbox 866 1780 913 1866; x_wconf 88' lang='lat' dir='ltr'>(v.</span> <span class='ocrx_word' id='word_1_49' title='bbox 931 1780 1033 1845; x_wconf 79' lang='lat' dir='ltr'>Anall.</span> <span class='ocrx_word' id='word_1_50' title='bbox 1050 1779 1145 1846; x_wconf 88' lang='lat' dir='ltr'>Bern.</span> <span class='ocrx_word' id='word_1_51' title='bbox 1163 1777 1211 1842; x_wconf 92' lang='lat' dir='ltr'>lll</span> 
     </span>
     <span class='ocr_line' id='line_1_9' title="bbox 185 1878 1208 1967; baseline 0 -22"><span class='ocrx_word' id='word_1_52' title='bbox 185 1882 249 1945; x_wconf 82' lang='lat' dir='ltr'>tab.</span> <span class='ocrx_word' id='word_1_53' title='bbox 275 1878 333 1959; x_wconf 88' lang='lat' dir='ltr'>Vl,</span> <span class='ocrx_word' id='word_1_54' title='bbox 358 1902 441 1967; x_wconf 87' lang='lat' dir='ltr'>spec.</span> <span class='ocrx_word' id='word_1_55' title='bbox 464 1878 522 1959; x_wconf 86' lang='lat' dir='ltr'>Vl,</span> <span class='ocrx_word' id='word_1_56' title='bbox 540 1904 567 1946; x_wconf 89' lang='lat' dir='ltr'>e.</span> <span class='ocrx_word' id='word_1_57' title='bbox 584 1904 613 1966; x_wconf 81' lang='lat' dir='ltr'>p.</span> <span class='ocrx_word' id='word_1_58' title='bbox 632 1879 708 1967; x_wconf 91' lang='grc'>10),</span> <span class='ocrx_word' id='word_1_59' title='bbox 733 1893 763 1945; x_wconf 90' lang='lat' dir='ltr'>et</span> <span class='ocrx_word' id='word_1_60' title='bbox 784 1883 914 1947; x_wconf 84' lang='lat' dir='ltr'>musicas</span> <span class='ocrx_word' id='word_1_61' title='bbox 937 1903 1006 1947; x_wconf 86' lang='lat' dir='ltr'>esne</span> <span class='ocrx_word' id='word_1_62' title='bbox 1030 1883 1208 1959; x_wconf 73' lang='lat' dir='ltr'>declaravit,</span> 
     </span>
     <span class='ocr_line' id='line_1_10' title="bbox 185 1981 1208 2068; baseline 0 -21"><span class='ocrx_word' id='word_1_63' title='bbox 185 1983 298 2047; x_wconf 82' lang='lat' dir='ltr'>similes</span> <span class='ocrx_word' id='word_1_64' title='bbox 314 1994 345 2047; x_wconf 91' lang='lat' dir='ltr'>et</span> <span class='ocrx_word' id='word_1_65' title='bbox 359 1983 455 2067; x_wconf 88' lang='lat' dir='ltr'>ipsum</span> <span class='ocrx_word' id='word_1_66' title='bbox 470 1983 501 2048; x_wconf 91' lang='lat' dir='ltr'>iu</span> <span class='ocrx_word' id='word_1_67' title='bbox 518 1985 618 2048; x_wconf 87' lang='lat' dir='ltr'>multis</span> <span class='ocrx_word' id='word_1_68' title='bbox 633 1983 835 2048; x_wconf 81' lang='lat' dir='ltr'>bibliothecae</span> <span class='ocrx_word' id='word_1_69' title='bbox 855 1981 991 2068; x_wconf 82' lang='lat' dir='ltr'>Sangall.</span> <span class='ocrx_word' id='word_1_70' title='bbox 1010 1995 1042 2048; x_wconf 90' lang='lat' dir='ltr'>et</span> <span class='ocrx_word' id='word_1_71' title='bbox 1056 1983 1208 2048; x_wconf 86' lang='lat' dir='ltr'>Einsiedl.</span> 
     </span>
     <span class='ocr_line' id='line_1_11' title="bbox 184 2082 1209 2171; baseline 0.001 -22"><span class='ocrx_word' id='word_1_72' title='bbox 184 2082 270 2149; x_wconf 79' lang='lat' dir='ltr'>libais</span> <span class='ocrx_word' id='word_1_73' title='bbox 285 2082 499 2149; x_wconf 84' lang='lat' dir='ltr'>ecelesiasticis</span> <span class='ocrx_word' id='word_1_74' title='bbox 516 2085 645 2163; x_wconf 84' lang='lat' dir='ltr'>vidisse,</span> <span class='ocrx_word' id='word_1_75' title='bbox 666 2097 698 2149; x_wconf 90' lang='lat' dir='ltr'>et</span> <span class='ocrx_word' id='word_1_76' title='bbox 711 2086 787 2169; x_wconf 79' lang='lat' dir='ltr'>apud</span> <span class='ocrx_word' id='word_1_77' title='bbox 804 2083 842 2149; x_wconf 84' lang='lat' dir='ltr'>F.</span> <span class='ocrx_word' id='word_1_78' title='bbox 862 2084 1008 2150; x_wconf 89' lang='lat' dir='ltr'>Wolfinm</span> <span class='ocrx_word' id='word_1_79' title='bbox 1024 2084 1145 2171; x_wconf 82' lang='lat' dir='ltr'>(Ueber</span> <span class='ocrx_word' id='word_1_80' title='bbox 1160 2086 1209 2150; x_wconf 88' lang='lat' dir='ltr'>die</span> 
     </span>
     <span class='ocr_line' id='line_1_12' title="bbox 183 2181 1210 2272; baseline -0.001 -22"><span class='ocrx_word' id='word_1_81' title='bbox 183 2181 278 2261; x_wconf 72' lang='lat' dir='ltr'>lanis,</span> <span class='ocrx_word' id='word_1_82' title='bbox 299 2183 482 2272; x_wconf 86' lang='lat' dir='ltr'>Sequenzen</span> <span class='ocrx_word' id='word_1_83' title='bbox 500 2187 560 2251; x_wconf 94' lang='lat' dir='ltr'>und</span> <span class='ocrx_word' id='word_1_84' title='bbox 576 2185 704 2251; x_wconf 84' lang='lat' dir='ltr'>Leiebe.</span> <span class='ocrx_word' id='word_1_85' title='bbox 728 2185 818 2251; x_wconf 90' lang='lat' dir='ltr'>lleid.</span> <span class='ocrx_word' id='word_1_86' title='bbox 838 2186 933 2252; x_wconf 78' lang='lat'><strong>1841.</strong></span> <span class='ocrx_word' id='word_1_87' title='bbox 952 2188 1013 2251; x_wconf 85' lang='lat' dir='ltr'>tab.</span> <span class='ocrx_word' id='word_1_88' title='bbox 1031 2183 1057 2250; x_wconf 91' lang='lat' dir='ltr'>l.</span> <span class='ocrx_word' id='word_1_89' title='bbox 1075 2184 1119 2267; x_wconf 87' lang='lat' dir='ltr'>ll)</span> <span class='ocrx_word' id='word_1_90' title='bbox 1136 2209 1210 2249; x_wconf 89' lang='lat' dir='ltr'>con·</span> 
     </span>
     <span class='ocr_line' id='line_1_13' title="bbox 184 2285 1207 2373; baseline -0.001 -22"><span class='ocrx_word' id='word_1_91' title='bbox 184 2287 270 2370; x_wconf 83' lang='lat' dir='ltr'>spici.</span> <span class='ocrx_word' id='word_1_92' title='bbox 296 2285 435 2371; x_wconf 86' lang='lat' dir='ltr'>Denique</span> <span class='ocrx_word' id='word_1_93' title='bbox 451 2309 512 2351; x_wconf 92' lang='lat' dir='ltr'>non</span> <span class='ocrx_word' id='word_1_94' title='bbox 529 2288 801 2372; x_wconf 80' lang='lat' dir='ltr'>praetereundum,</span> <span class='ocrx_word' id='word_1_95' title='bbox 825 2288 906 2353; x_wconf 87' lang='lat' dir='ltr'>inter</span> <span class='ocrx_word' id='word_1_96' title='bbox 919 2289 1037 2373; x_wconf 82' lang='lat' dir='ltr'>glossae</span> <span class='ocrx_word' id='word_1_97' title='bbox 1053 2288 1121 2352; x_wconf 87' lang='lat' dir='ltr'>buin</span> <span class='ocrx_word' id='word_1_98' title='bbox 1138 2289 1207 2353; x_wconf 88' lang='lat' dir='ltr'>eud.</span> 
     </span>
     <span class='ocr_line' id='line_1_14' title="bbox 184 2389 1207 2474; baseline 0 -22"><span class='ocrx_word' id='word_1_99' title='bbox 184 2389 351 2473; x_wconf 78' lang='lat' dir='ltr'>adscriptas</span> <span class='ocrx_word' id='word_1_100' title='bbox 367 2391 507 2473; x_wconf 84' lang='lat' dir='ltr'>quasdam</span> <span class='ocrx_word' id='word_1_101' title='bbox 526 2389 713 2455; x_wconf 83' lang='lat' dir='ltr'>Teutonicae</span> <span class='ocrx_word' id='word_1_102' title='bbox 728 2390 807 2472; x_wconf 83' lang='lat' dir='ltr'>legi,</span> <span class='ocrx_word' id='word_1_103' title='bbox 831 2411 905 2474; x_wconf 88' lang='lat' dir='ltr'>quas</span> <span class='ocrx_word' id='word_1_104' title='bbox 925 2412 980 2454; x_wconf 91' lang='lat' dir='ltr'>sun</span> <span class='ocrx_word' id='word_1_105' title='bbox 1002 2391 1070 2454; x_wconf 88' lang='lat' dir='ltr'>loen</span> <span class='ocrx_word' id='word_1_106' title='bbox 1085 2391 1117 2454; x_wconf 92' lang='lat' dir='ltr'>iu</span> <span class='ocrx_word' id='word_1_107' title='bbox 1133 2411 1207 2454; x_wconf 86' lang='lat' dir='ltr'>ann.</span> 
     </span>
     <span class='ocr_line' id='line_1_15' title="bbox 183 2490 1146 2569; baseline -0.001 -15"><span class='ocrx_word' id='word_1_108' title='bbox 183 2490 222 2554; x_wconf 87' lang='lat' dir='ltr'>ed</span> <span class='ocrx_word' id='word_1_109' title='bbox 237 2491 334 2554; x_wconf 82' lang='lat' dir='ltr'>scbnl.</span> <span class='ocrx_word' id='word_1_110' title='bbox 352 2490 493 2569; x_wconf 82' lang='lat' dir='ltr'>exhibui,</span> <span class='ocrx_word' id='word_1_111' title='bbox 516 2512 676 2557; x_wconf 78' lang='lat' dir='ltr'>recensum</span> <span class='ocrx_word' id='word_1_112' title='bbox 692 2502 793 2557; x_wconf 85' lang='lat' dir='ltr'>autem</span> <span class='ocrx_word' id='word_1_113' title='bbox 810 2493 841 2556; x_wconf 91' lang='lat' dir='ltr'>in</span> <span class='ocrx_word' id='word_1_114' title='bbox 856 2494 920 2557; x_wconf 88' lang='lat' dir='ltr'>ind.</span> <span class='ocrx_word' id='word_1_115' title='bbox 937 2492 1044 2557; x_wconf 83' lang='lat' dir='ltr'>ecbnll.</span> <span class='ocrx_word' id='word_1_116' title='bbox 1063 2492 1146 2556; x_wconf 89' lang='lat' dir='ltr'>dedi.</span> 
     </span>
    </p>

    <p class='ocr_par' dir='ltr' id='par_1_7' title="bbox 119 2589 1209 3084">
     <span class='ocr_line' id='line_1_16' title="bbox 119 2589 1209 2676; baseline -0.002 -18"><span class='ocrx_word' id='word_1_117' title='bbox 119 2594 169 2646; x_wconf 65' lang='lat' dir='ltr'>Bi</span> <span class='ocrx_word' id='word_1_118' title='bbox 271 2589 350 2658; x_wconf 81' lang='lat' dir='ltr'>Cot.</span> <span class='ocrx_word' id='word_1_119' title='bbox 374 2615 406 2657; x_wconf 92' lang='lat' dir='ltr'>n.</span> <span class='ocrx_word' id='word_1_120' title='bbox 424 2592 487 2661; x_wconf 79' lang='lat'>542</span> <span class='ocrx_word' id='word_1_121' title='bbox 502 2594 547 2675; x_wconf 86' lang='lat' dir='ltr'>(B</span> <span class='ocrx_word' id='word_1_122' title='bbox 559 2594 630 2676; x_wconf 77' lang='grc'>2.),</span> <span class='ocrx_word' id='word_1_123' title='bbox 656 2594 920 2669; x_wconf 80' lang='lat' dir='ltr'>membranaceus,</span> <span class='ocrx_word' id='word_1_124' title='bbox 950 2615 1034 2658; x_wconf 82' lang='lat' dir='ltr'>saec.</span> <span class='ocrx_word' id='word_1_125' title='bbox 1056 2591 1091 2656; x_wconf 83' lang='lat' dir='ltr'><strong>X</strong></span> <span class='ocrx_word' id='word_1_126' title='bbox 1111 2595 1209 2656; x_wconf 88' lang='lat' dir='ltr'>lorma</span> 
     </span>
     <span class='ocr_line' id='line_1_17' title="bbox 182 2692 1206 2780; baseline 0.002 -24"><span class='ocrx_word' id='word_1_127' title='bbox 182 2703 289 2757; x_wconf 69' lang='lat' dir='ltr'>nemra</span> <span class='ocrx_word' id='word_1_128' title='bbox 312 2695 452 2778; x_wconf 82' lang='lat' dir='ltr'>scriptus.</span> <span class='ocrx_word' id='word_1_129' title='bbox 489 2696 539 2758; x_wconf 77' lang='lat' dir='ltr'>Ab</span> <span class='ocrx_word' id='word_1_130' title='bbox 563 2695 649 2759; x_wconf 87' lang='lat' dir='ltr'>initin</span> <span class='ocrx_word' id='word_1_131' title='bbox 671 2696 794 2759; x_wconf 80' lang='lat' dir='ltr'>mutilus</span> <span class='ocrx_word' id='word_1_132' title='bbox 816 2706 882 2772; x_wconf 81' lang='lat' dir='ltr'>est,</span> <span class='ocrx_word' id='word_1_133' title='bbox 907 2706 939 2759; x_wconf 87' lang='lat' dir='ltr'>et</span> <span class='ocrx_word' id='word_1_134' title='bbox 958 2695 1064 2780; x_wconf 75' lang='lat' dir='ltr'>incipit</span> <span class='ocrx_word' id='word_1_135' title='bbox 1085 2692 1128 2771; x_wconf 90' lang='lat' dir='ltr'>ll,</span> <span class='ocrx_word' id='word_1_136' title='bbox 1151 2693 1206 2758; x_wconf 79' lang='lat'>46.</span> 
     </span>
     <span class='ocr_line' id='line_1_18' title="bbox 183 2792 1208 2880; baseline -0.001 -20"><span class='ocrx_word' id='word_1_137' title='bbox 183 2792 335 2860; x_wconf 88' lang='lat' dir='ltr'>Collatum</span> <span class='ocrx_word' id='word_1_138' title='bbox 358 2796 447 2860; x_wconf 90' lang='lat' dir='ltr'>babni</span> <span class='ocrx_word' id='word_1_139' title='bbox 471 2797 550 2861; x_wconf 91' lang='lat' dir='ltr'>bunc</span> <span class='ocrx_word' id='word_1_140' title='bbox 574 2798 708 2862; x_wconf 84' lang='lat' dir='ltr'>codicem</span> <span class='ocrx_word' id='word_1_141' title='bbox 729 2808 845 2862; x_wconf 79' lang='lat' dir='ltr'>mutum</span> <span class='ocrx_word' id='word_1_142' title='bbox 868 2816 962 2880; x_wconf 88' lang='lat' dir='ltr'>nsque</span> <span class='ocrx_word' id='word_1_143' title='bbox 984 2798 1022 2860; x_wconf 85' lang='lat' dir='ltr'>nd</span> <span class='ocrx_word' id='word_1_144' title='bbox 1038 2808 1096 2861; x_wconf 85' lang='lat' dir='ltr'>snt.</span> <span class='ocrx_word' id='word_1_145' title='bbox 1114 2795 1155 2872; x_wconf 85' lang='lat' dir='ltr'>V,</span> <span class='ocrx_word' id='word_1_146' title='bbox 1181 2796 1208 2860; x_wconf 85' lang='lat' dir='ltr'>si</span> 
     </span>
     <span class='ocr_line' id='line_1_19' title="bbox 182 2895 1207 2984; baseline 0 -22"><span class='ocrx_word' id='word_1_147' title='bbox 182 2897 303 2981; x_wconf 87' lang='lat' dir='ltr'>quando</span> <span class='ocrx_word' id='word_1_148' title='bbox 319 2897 384 2962; x_wconf 90' lang='lat' dir='ltr'>eius</span> <span class='ocrx_word' id='word_1_149' title='bbox 399 2899 548 2962; x_wconf 86' lang='lat' dir='ltr'>lectiones</span> <span class='ocrx_word' id='word_1_150' title='bbox 569 2920 625 2984; x_wconf 84' lang='lat' dir='ltr'>per</span> <span class='ocrx_word' id='word_1_151' title='bbox 646 2910 705 2963; x_wconf 85' lang='lat' dir='ltr'>sat.</span> <span class='ocrx_word' id='word_1_152' title='bbox 723 2898 753 2963; x_wconf 91' lang='lat' dir='ltr'>V</span> <span class='ocrx_word' id='word_1_153' title='bbox 770 2911 801 2964; x_wconf 91' lang='lat' dir='ltr'>et</span> <span class='ocrx_word' id='word_1_154' title='bbox 817 2895 862 2962; x_wconf 88' lang='lat' dir='ltr'>Vl</span> <span class='ocrx_word' id='word_1_155' title='bbox 882 2899 1071 2976; x_wconf 82' lang='lat' dir='ltr'>afferuntur,</span> <span class='ocrx_word' id='word_1_156' title='bbox 1096 2900 1207 2962; x_wconf 87' lang='lat' dir='ltr'>laetum</span> 
     </span>
     <span class='ocr_line' id='line_1_20' title="bbox 181 2998 1089 3084; baseline -0.001 -20"><span class='ocrx_word' id='word_1_157' title='bbox 181 3000 213 3064; x_wconf 90' lang='lat' dir='ltr'>id</span> <span class='ocrx_word' id='word_1_158' title='bbox 229 3009 277 3063; x_wconf 87' lang='lat' dir='ltr'>est</span> <span class='ocrx_word' id='word_1_159' title='bbox 293 2998 454 3063; x_wconf 82' lang='lat' dir='ltr'>llautbalin</span> <span class='ocrx_word' id='word_1_160' title='bbox 470 3010 616 3078; x_wconf 88' lang='lat' dir='ltr'>auctore,</span> <span class='ocrx_word' id='word_1_161' title='bbox 639 3001 689 3084; x_wconf 87' lang='lat' dir='ltr'>qui</span> <span class='ocrx_word' id='word_1_162' title='bbox 704 3022 772 3066; x_wconf 90' lang='lat' dir='ltr'>eum</span> <span class='ocrx_word' id='word_1_163' title='bbox 787 3000 915 3065; x_wconf 86' lang='lat' dir='ltr'>subinde</span> <span class='ocrx_word' id='word_1_164' title='bbox 931 3011 1089 3064; x_wconf 89' lang='lat' dir='ltr'>memorat.</span> 
     </span>
    </p>

    <p class='ocr_par' dir='ltr' id='par_1_8' title="bbox 113 3098 1208 3491">
     <span class='ocr_line' id='line_1_21' title="bbox 113 3098 1207 3183; baseline -0.002 -17"><span class='ocrx_word' id='word_1_165' title='bbox 113 3103 165 3155; x_wconf 76' lang='lat'>133</span> <span class='ocrx_word' id='word_1_166' title='bbox 185 3146 187 3150; x_wconf 30' lang='grc' dir='ltr'><strong>ι</strong></span> <span class='ocrx_word' id='word_1_167' title='bbox 269 3098 348 3166; x_wconf 89' lang='lat' dir='ltr'>Cod.</span> <span class='ocrx_word' id='word_1_168' title='bbox 374 3123 406 3164; x_wconf 86' lang='lat' dir='ltr'>n.</span> <span class='ocrx_word' id='word_1_169' title='bbox 423 3100 486 3168; x_wconf 77' lang='lat'>327</span> <span class='ocrx_word' id='word_1_170' title='bbox 508 3101 551 3177; x_wconf 89' lang='lat' dir='ltr'>(B</span> <span class='ocrx_word' id='word_1_171' title='bbox 565 3101 633 3183; x_wconf 84' lang='lat'>3.),</span> <span class='ocrx_word' id='word_1_172' title='bbox 659 3103 856 3179; x_wconf 84' lang='lat' dir='ltr'>cbartuceuu,</span> <span class='ocrx_word' id='word_1_173' title='bbox 889 3123 972 3180; x_wconf 90' lang='lat' dir='ltr'>nnn,</span> <span class='ocrx_word' id='word_1_174' title='bbox 1002 3113 1034 3165; x_wconf 92' lang='lat' dir='ltr'>ut</span> <span class='ocrx_word' id='word_1_175' title='bbox 1057 3100 1207 3166; x_wconf 87' lang='lat' dir='ltr'>Sinnerus</span> 
     </span>
     <span class='ocr_line' id='line_1_22' title="bbox 181 3202 1207 3289; baseline 0 -22"><span class='ocrx_word' id='word_1_176' title='bbox 181 3202 243 3280; x_wconf 81' lang='lat' dir='ltr'>ait,</span> <span class='ocrx_word' id='word_1_177' title='bbox 274 3203 541 3283; x_wconf 83' lang='lat' dir='ltr'>membranaceus,</span> <span class='ocrx_word' id='word_1_178' title='bbox 571 3224 655 3269; x_wconf 83' lang='lat' dir='ltr'>enee.</span> <span class='ocrx_word' id='word_1_179' title='bbox 676 3203 736 3273; x_wconf 80' lang='lat' dir='ltr'>xl.</span> <span class='ocrx_word' id='word_1_180' title='bbox 774 3203 860 3269; x_wconf 89' lang='lat' dir='ltr'>later</span> <span class='ocrx_word' id='word_1_181' title='bbox 874 3224 987 3289; x_wconf 82' lang='lat' dir='ltr'>pauens</span> <span class='ocrx_word' id='word_1_182' title='bbox 1002 3203 1051 3268; x_wconf 91' lang='lat' dir='ltr'>bic</span> <span class='ocrx_word' id='word_1_183' title='bbox 1066 3212 1133 3281; x_wconf 80' lang='lat' dir='ltr'>eut,</span> <span class='ocrx_word' id='word_1_184' title='bbox 1158 3204 1207 3285; x_wconf 89' lang='lat' dir='ltr'>qui</span> 
     </span>
     <span class='ocr_line' id='line_1_23' title="bbox 181 3300 1208 3388; baseline 0.002 -20"><span class='ocrx_word' id='word_1_185' title='bbox 181 3314 250 3388; x_wconf 79' lang='lat' dir='ltr'>poet</span> <span class='ocrx_word' id='word_1_186' title='bbox 272 3300 330 3385; x_wconf 91' lang='lat' dir='ltr'>lV,</span> <span class='ocrx_word' id='word_1_187' title='bbox 354 3304 395 3369; x_wconf 83' lang='lat'>13</span> <span class='ocrx_word' id='word_1_188' title='bbox 417 3326 539 3372; x_wconf 86' lang='lat' dir='ltr'>versum</span> <span class='ocrx_word' id='word_1_189' title='bbox 562 3307 594 3369; x_wconf 90' lang='lat' dir='ltr'>in</span> <span class='ocrx_word' id='word_1_190' title='bbox 615 3305 739 3371; x_wconf 84' lang='lat' dir='ltr'>selnliie</span> <span class='ocrx_word' id='word_1_191' title='bbox 761 3306 913 3372; x_wconf 86' lang='lat' dir='ltr'>laudatum</span> <span class='ocrx_word' id='word_1_192' title='bbox 929 3307 961 3370; x_wconf 92' lang='lat' dir='ltr'>in</span> <span class='ocrx_word' id='word_1_193' title='bbox 981 3317 1097 3370; x_wconf 85' lang='lat' dir='ltr'>textum</span> <span class='ocrx_word' id='word_1_194' title='bbox 1119 3327 1208 3370; x_wconf 85' lang='lat' dir='ltr'>rece·</span> 
     </span>
     <span class='ocr_line' id='line_1_24' title="bbox 183 3417 305 3491; baseline 0 -21"><span class='ocrx_word' id='word_1_195' title='bbox 183 3417 305 3491; x_wconf 79' lang='lat' dir='ltr'>petunt.</span> 
     </span>
    </p>

    <p class='ocr_par' dir='ltr' id='par_1_9' title="bbox 112 3502 1205 3594">
     <span class='ocr_line' id='line_1_25' title="bbox 112 3502 1205 3594; baseline 0.003 -23"><span class='ocrx_word' id='word_1_196' title='bbox 112 3520 165 3572; x_wconf 76' lang='lat' dir='ltr'>Bt</span> <span class='ocrx_word' id='word_1_197' title='bbox 269 3502 348 3572; x_wconf 86' lang='lat' dir='ltr'>Cnd.</span> <span class='ocrx_word' id='word_1_198' title='bbox 367 3527 398 3571; x_wconf 90' lang='lat' dir='ltr'>n.</span> <span class='ocrx_word' id='word_1_199' title='bbox 414 3506 478 3574; x_wconf 81' lang='lat'>648</span> <span class='ocrx_word' id='word_1_200' title='bbox 498 3508 543 3590; x_wconf 86' lang='lat' dir='ltr'>(B</span> <span class='ocrx_word' id='word_1_201' title='bbox 556 3508 613 3594; x_wconf 82' lang='lat'>4),</span> <span class='ocrx_word' id='word_1_202' title='bbox 635 3508 904 3588; x_wconf 76' lang='lat' dir='ltr'>membranaceus,</span> <span class='ocrx_word' id='word_1_203' title='bbox 927 3511 1024 3573; x_wconf 81' lang='lat' dir='ltr'>forma</span> <span class='ocrx_word' id='word_1_204' title='bbox 1044 3510 1205 3591; x_wconf 86' lang='lat' dir='ltr'>quadrata,</span> 
     </span>
    </p>

    <p class='ocr_par' dir='ltr' id='par_1_10' title="bbox 77 3608 1207 3798">
     <span class='ocr_line' id='line_1_26' title="bbox 77 3608 1207 3697; baseline 0.004 -23"><span class='ocrx_word' id='word_1_205' title='bbox 77 3609 79 3612; x_wconf 67' lang='grc'>’</span> <span class='ocrx_word' id='word_1_206' title='bbox 182 3628 250 3674; x_wconf 89' lang='lat' dir='ltr'>cum</span> <span class='ocrx_word' id='word_1_207' title='bbox 270 3608 395 3674; x_wconf 82' lang='lat' dir='ltr'>ecbnliia</span> <span class='ocrx_word' id='word_1_208' title='bbox 417 3611 631 3694; x_wconf 78' lang='lat' dir='ltr'>marginalibus</span> <span class='ocrx_word' id='word_1_209' title='bbox 653 3632 736 3676; x_wconf 84' lang='lat' dir='ltr'>saec.</span> <span class='ocrx_word' id='word_1_210' title='bbox 759 3608 839 3675; x_wconf 84' lang='lat' dir='ltr'>Xlll</span> <span class='ocrx_word' id='word_1_211' title='bbox 861 3613 1003 3697; x_wconf 84' lang='lat' dir='ltr'>scriptus.</span> <span class='ocrx_word' id='word_1_212' title='bbox 1031 3610 1134 3676; x_wconf 84' lang='lat' dir='ltr'>Etiam</span> <span class='ocrx_word' id='word_1_213' title='bbox 1155 3612 1207 3678; x_wconf 90' lang='lat' dir='ltr'>bic</span> 
     </span>
     <span class='ocr_line' id='line_1_27' title="bbox 182 3708 800 3798; baseline -0.002 -23"><span class='ocrx_word' id='word_1_214' title='bbox 182 3730 275 3798; x_wconf 79' lang='lat' dir='ltr'>unque</span> <span class='ocrx_word' id='word_1_215' title='bbox 292 3712 330 3776; x_wconf 86' lang='lat' dir='ltr'>nd</span> <span class='ocrx_word' id='word_1_216' title='bbox 345 3723 405 3776; x_wconf 85' lang='lat' dir='ltr'>sat.</span> <span class='ocrx_word' id='word_1_217' title='bbox 422 3708 452 3776; x_wconf 84' lang='lat' dir='ltr'>V</span> <span class='ocrx_word' id='word_1_218' title='bbox 468 3724 582 3777; x_wconf 89' lang='lat' dir='ltr'>tactum</span> <span class='ocrx_word' id='word_1_219' title='bbox 599 3714 726 3777; x_wconf 85' lang='lat' dir='ltr'>collatus</span> <span class='ocrx_word' id='word_1_220' title='bbox 741 3722 800 3776; x_wconf 85' lang='lat' dir='ltr'>est.</span> 
     </span>
    </p>

    <p class='ocr_par' dir='ltr' id='par_1_11' title="bbox 111 3809 1208 4205">
     <span class='ocr_line' id='line_1_28' title="bbox 111 3809 1206 3899; baseline 0.002 -22"><span class='ocrx_word' id='word_1_221' title='bbox 111 3835 163 3887; x_wconf 74' lang='lat' dir='ltr'>Bt</span> <span class='ocrx_word' id='word_1_222' title='bbox 267 3809 347 3877; x_wconf 90' lang='lat' dir='ltr'>Cod.</span> <span class='ocrx_word' id='word_1_223' title='bbox 375 3835 407 3876; x_wconf 91' lang='lat' dir='ltr'>n.</span> <span class='ocrx_word' id='word_1_224' title='bbox 425 3812 487 3880; x_wconf 83' lang='lat'>398</span> <span class='ocrx_word' id='word_1_225' title='bbox 509 3815 552 3897; x_wconf 90' lang='lat' dir='ltr'>(B</span> <span class='ocrx_word' id='word_1_226' title='bbox 567 3815 624 3898; x_wconf 82' lang='grc'>5),</span> <span class='ocrx_word' id='word_1_227' title='bbox 647 3813 917 3894; x_wconf 83' lang='lat' dir='ltr'>membranaceus,</span> <span class='ocrx_word' id='word_1_228' title='bbox 941 3816 1038 3878; x_wconf 81' lang='lat' dir='ltr'>forma</span> <span class='ocrx_word' id='word_1_229' title='bbox 1061 3816 1206 3899; x_wconf 86' lang='lat' dir='ltr'>quadrata</span> 
     </span>
     <span class='ocr_line' id='line_1_29' title="bbox 181 3912 1204 4001; baseline 0.002 -21"><span class='ocrx_word' id='word_1_230' title='bbox 181 3916 280 3999; x_wconf 77' lang='lat' dir='ltr'>peulln</span> <span class='ocrx_word' id='word_1_231' title='bbox 310 3917 449 3994; x_wconf 89' lang='lat' dir='ltr'>minore,</span> <span class='ocrx_word' id='word_1_232' title='bbox 478 3938 562 3980; x_wconf 78' lang='lat' dir='ltr'>naen.</span> <span class='ocrx_word' id='word_1_233' title='bbox 592 3912 626 3978; x_wconf 83' lang='lat' dir='ltr'>X</span> <span class='ocrx_word' id='word_1_234' title='bbox 654 3917 805 4001; x_wconf 81' lang='lat' dir='ltr'>scriptun,</span> <span class='ocrx_word' id='word_1_235' title='bbox 842 3917 912 3980; x_wconf 88' lang='lat' dir='ltr'>olim</span> <span class='ocrx_word' id='word_1_236' title='bbox 936 3915 972 3980; x_wconf 73' lang='lat' dir='ltr'>F.</span> <span class='ocrx_word' id='word_1_237' title='bbox 997 3914 1204 3995; x_wconf 81' lang='lat' dir='ltr'>Danielis,</span> 
     </span>
     <span class='ocr_line' id='line_1_30' title="bbox 180 4016 1204 4105; baseline 0.001 -23"><span class='ocrx_word' id='word_1_238' title='bbox 180 4019 314 4095; x_wconf 71' lang='lat' dir='ltr'>Aurei,</span> <span class='ocrx_word' id='word_1_239' title='bbox 331 4018 381 4105; x_wconf 87' lang='lat' dir='ltr'>qni</span> <span class='ocrx_word' id='word_1_240' title='bbox 397 4039 505 4083; x_wconf 90' lang='lat' dir='ltr'>nomen</span> <span class='ocrx_word' id='word_1_241' title='bbox 522 4038 607 4082; x_wconf 92' lang='lat' dir='ltr'>suum</span> <span class='ocrx_word' id='word_1_242' title='bbox 623 4019 654 4082; x_wconf 94' lang='lat' dir='ltr'>in</span> <span class='ocrx_word' id='word_1_243' title='bbox 671 4020 728 4082; x_wconf 89' lang='lat' dir='ltr'>line</span> <span class='ocrx_word' id='word_1_244' title='bbox 744 4019 914 4102; x_wconf 81' lang='lat' dir='ltr'>adscripsit.</span> <span class='ocrx_word' id='word_1_245' title='bbox 937 4016 1050 4083; x_wconf 82' lang='lat' dir='ltr'>Servat</span> <span class='ocrx_word' id='word_1_246' title='bbox 1063 4020 1204 4103; x_wconf 88' lang='lat' dir='ltr'>antiquae</span> 
     </span>
     <span class='ocr_line' id='line_1_31' title="bbox 180 4119 1208 4205; baseline 0.003 -23"><span class='ocrx_word' id='word_1_247' title='bbox 180 4119 415 4204; x_wconf 82' lang='lat' dir='ltr'>nrtbcgrapbiae</span> <span class='ocrx_word' id='word_1_248' title='bbox 432 4121 579 4204; x_wconf 85' lang='lat' dir='ltr'>vestigia,</span> <span class='ocrx_word' id='word_1_249' title='bbox 597 4142 719 4205; x_wconf 80' lang='lat' dir='ltr'>semper</span> <span class='ocrx_word' id='word_1_250' title='bbox 732 4131 795 4195; x_wconf 80' lang='lat' dir='ltr'>eet,</span> <span class='ocrx_word' id='word_1_251' title='bbox 812 4119 891 4183; x_wconf 81' lang='grc' dir='ltr'><strong>Ιιαιιι</strong></span> <span class='ocrx_word' id='word_1_252' title='bbox 904 4121 1055 4198; x_wconf 84' lang='lat' dir='ltr'>scribens,</span> <span class='ocrx_word' id='word_1_253' title='bbox 1074 4122 1208 4205; x_wconf 81' lang='lat' dir='ltr'>esundat</span> 
     </span>
    </p>

    <p class='ocr_par' dir='ltr' id='par_1_12' title="bbox 64 4216 1204 4512">
     <span class='ocr_line' id='line_1_32' title="bbox 64 4216 1204 4308; baseline 0.007 -27"><span class='ocrx_word' id='word_1_254' title='bbox 64 4301 65 4304; x_wconf 7' lang='grc' dir='ltr'><strong>Ἴ</strong></span> <span class='ocrx_word' id='word_1_255' title='bbox 180 4216 222 4304; x_wconf 92' lang='grc' dir='ltr'>(Ι,</span> <span class='ocrx_word' id='word_1_256' title='bbox 240 4217 314 4298; x_wconf 76' lang='grc'>65),</span> <span class='ocrx_word' id='word_1_257' title='bbox 338 4221 432 4305; x_wconf 81' lang='lat' dir='ltr'>astute</span> <span class='ocrx_word' id='word_1_258' title='bbox 448 4219 489 4303; x_wconf 90' lang='lat' dir='ltr'>(l,</span> <span class='ocrx_word' id='word_1_259' title='bbox 510 4220 601 4302; x_wconf 72' lang='lat'>123),</span> <span class='ocrx_word' id='word_1_260' title='bbox 625 4221 758 4285; x_wconf 80' lang='lat' dir='ltr'>detunau</span> <span class='ocrx_word' id='word_1_261' title='bbox 774 4218 845 4299; x_wconf 87' lang='lat' dir='ltr'>(lll,</span> <span class='ocrx_word' id='word_1_262' title='bbox 863 4221 930 4303; x_wconf 78' lang='lat'><strong>54).</strong></span> <span class='ocrx_word' id='word_1_263' title='bbox 962 4221 1020 4288; x_wconf 87' lang='lat' dir='ltr'>Hic</span> <span class='ocrx_word' id='word_1_264' title='bbox 1042 4225 1112 4287; x_wconf 85' lang='lat' dir='ltr'>end.</span> <span class='ocrx_word' id='word_1_265' title='bbox 1136 4245 1204 4308; x_wconf 85' lang='lat' dir='ltr'>per·</span> 
     </span>
     <span class='ocr_line' id='line_1_33' title="bbox 178 4322 1202 4408; baseline 0.004 -21"><span class='ocrx_word' id='word_1_266' title='bbox 178 4342 271 4407; x_wconf 75' lang='lat' dir='ltr'>saepe</span> <span class='ocrx_word' id='word_1_267' title='bbox 287 4322 483 4405; x_wconf 81' lang='lat' dir='ltr'>interpolatas</span> <span class='ocrx_word' id='word_1_268' title='bbox 498 4323 646 4388; x_wconf 85' lang='lat' dir='ltr'>lectiones</span> <span class='ocrx_word' id='word_1_269' title='bbox 661 4325 805 4403; x_wconf 80' lang='lat' dir='ltr'>exbibet,</span> <span class='ocrx_word' id='word_1_270' title='bbox 823 4325 997 4408; x_wconf 84' lang='lat' dir='ltr'>quibusdam</span> <span class='ocrx_word' id='word_1_271' title='bbox 1014 4326 1089 4390; x_wconf 80' lang='lat' dir='ltr'>lneis</span> <span class='ocrx_word' id='word_1_272' title='bbox 1105 4329 1202 4406; x_wconf 91' lang='lat' dir='ltr'>solus,</span> 
     </span>
     <span class='ocr_line' id='line_1_34' title="bbox 180 4421 1201 4512; baseline 0.003 -24"><span class='ocrx_word' id='word_1_273' title='bbox 180 4445 209 4488; x_wconf 90' lang='lat' dir='ltr'>e.</span> <span class='ocrx_word' id='word_1_274' title='bbox 227 4446 257 4510; x_wconf 84' lang='lat' dir='ltr'>g.</span> <span class='ocrx_word' id='word_1_275' title='bbox 271 4421 300 4503; x_wconf 89' lang='lat' dir='ltr'>l,</span> <span class='ocrx_word' id='word_1_276' title='bbox 317 4421 381 4489; x_wconf 86' lang='lat'>1⁰8</span> <span class='ocrx_word' id='word_1_277' title='bbox 395 4446 470 4489; x_wconf 83' lang='lat' dir='ltr'>eave</span> <span class='ocrx_word' id='word_1_278' title='bbox 484 4446 538 4510; x_wconf 84' lang='lat' dir='ltr'>pro</span> <span class='ocrx_word' id='word_1_279' title='bbox 554 4426 641 4507; x_wconf 83' lang='lat' dir='ltr'>vide,·</span> <span class='ocrx_word' id='word_1_280' title='bbox 662 4424 721 4506; x_wconf 92' lang='lat' dir='ltr'>Vl,</span> <span class='ocrx_word' id='word_1_281' title='bbox 737 4426 757 4492; x_wconf 88' lang='lat'>5</span> <span class='ocrx_word' id='word_1_282' title='bbox 771 4428 877 4492; x_wconf 75' lang='lat' dir='ltr'>candoe</span> <span class='ocrx_word' id='word_1_283' title='bbox 892 4448 946 4512; x_wconf 77' lang='lat' dir='ltr'>pro</span> <span class='ocrx_word' id='word_1_284' title='bbox 961 4429 1063 4509; x_wconf 76' lang='lat' dir='ltr'>inens,-</span> <span class='ocrx_word' id='word_1_285' title='bbox 1086 4426 1144 4507; x_wconf 90' lang='lat' dir='ltr'>Vl,</span> <span class='ocrx_word' id='word_1_286' title='bbox 1160 4427 1201 4494; x_wconf 78' lang='lat'>21</span> 
     </span>
    </p>
   </div>
   <div class='ocr_carea' id='block_1_5' title="bbox 0 0 1292 5054">
    <p class='ocr_par' dir='ltr' id='par_1_13' title="bbox 0 0 1292 5054">
     <span class='ocr_line' id='line_1_35' title="bbox 0 0 1292 5054; baseline 0 2"><span class='ocrx_word' id='word_1_287' title='bbox 0 0 1292 5054; x_wconf 95' lang='lat' dir='ltr'> </span> 
     </span>
    </p>
   </div>
  </div>
 </body>
</html>
