2574 5054
462 784 830 850 Pnouuuotluud.
895 819 898 826 ·
1073 811 1153 854 xxix

169 963 218 1019 ture
229 958 417 1024 arduanium
433 959 585 1043 quoddam
600 968 724 1023 exstare
738 955 848 1035 vellet,
866 977 885 1021 u
900 953 1039 1023 Cornuto
1053 963 1152 1047 petiit,

165 1060 336 1126 undarum
357 1061 466 1127 lilium
481 1082 500 1125 a
515 1080 551 1126 ee
566 1059 615 1126 edi
627 1071 802 1146 pateretur:
826 1061 876 1124 eui
897 1071 970 1125 vute
990 1062 1042 1128 ille
1063 1063 1153 1130 elue·

160 1161 285 1228 euudarit.
314 1166 417 1248 Atque
439 1167 484 1230 ita
505 1165 577 1228 olim
598 1164 709 1240 laetum
729 1163 860 1241 seimus,
883 1174 916 1228 ut
931 1163 1012 1228 dueti
1029 1165 1085 1230 uiui
1100 1166 1152 1231 de·
1242 1156 1246 1168 ¹

155 1265 300 1334 {melorum
314 1270 481 1334 anticorum
496 1266 592 1331 libros
605 1267 638 1330 in
660 1266 810 1352 pullicum
833 1266 963 1332 ederent
986 1263 1089 1349 (Suet.
1114 1270 1152 1333 de

151 1371 428 1561 μιῖἱιὶἶίηὰα,
450 1475 502 1557 qui
525 1473 597 1538 vivo
620 1471 717 1539 adhue
738 1469 847 1536 Penio
869 1472 989 1538 invenie
1005 1474 1151 1554 decessit,

147 1595 176 1640 ex
194 1577 281 1642 eudd.
306 1577 366 1641 tide
387 1574 523 1642 Statura
542 1587 669 1640 vocatus
692 1575 766 1654 luit,
790 1574 869 1657 quod
893 1595 960 1639 enm
973 1576 1153 1642 incredibile

145 1679 304 1756 rideretur,
329 1680 453 1743 luerunt
479 1679 530 1762 qni
558 1677 661 1742 Surae
686 1697 796 1740 nomeu
825 1687 929 1741 uotum
952 1691 1150 1765 reponerent.

84 1780 86 1825 7
144 1777 311 1865 Calpurnius
326 1778 407 1846 Sura
421 1791 525 1845 tamen
540 1800 635 1865 aeque
651 1779 794 1845 manebat
808 1779 973 1844 obscurusa
995 1782 1153 1866 namqnod

143 1881 274 1948 Curuus
295 1883 351 1967 (ad
372 1881 464 1968 Apul.
489 1905 519 1967 p.
542 1882 597 1965 34)
627 1883 715 1946 huius
739 1878 894 1965 Calpurnii
916 1880 1032 1960 Surae,
1064 1904 1153 1969 quem

141 1988 231 2050 neseio
247 2006 304 2050 eur
319 1986 545 2071 grammaticum
560 1995 673 2062 vocet,
697 1986 775 2071 upud
790 1983 950 2070 Apuleium
965 2004 1052 2050 suum
1067 2008 1153 2052 meu·

140 2089 240 2154 durem
263 2088 421 2154 iuvenisse
444 2088 514 2152 olim
536 2088 594 2153 rili
615 2088 701 2154 visus
731 2098 794 2163 est,
818 2087 878 2150 iam
900 2107 963 2150 uun
985 2108 1149 2153 moramur.

138 2188 236 2278 Nuper
255 2201 361 2255 tamen
385 2191 523 2266 exstitit,
547 2191 596 2272 qni
620 2189 708 2254 huius
731 2185 906 2273 Calpurnii,
938 2190 986 2253 eui
1007 2189 1100 2254 multa
1121 2200 1153 2253 et

138 2293 242 2358 uirenti
266 2304 299 2358 et
320 2302 439 2356 mortim
463 2292 527 2355 luta
548 2291 743 2370 inviderunt,
773 2292 948 2356 memoriam
971 2301 1149 2357 renovaret.

138 2392 170 2458 G.
187 2394 286 2481 Serpe
303 2395 448 2478 (quaesti.
466 2394 569 2480 philol.
588 2417 616 2459 e.
631 2393 655 2460 2
669 2394 764 2479 sqrp),
787 2415 854 2458 eum
877 2395 1051 2459 coniectura
1066 2395 1153 2478 inge·

137 2499 302 2563 plerissima
316 2496 365 2581 (in
380 2517 467 2580 qnam
482 2497 588 2560 inuidit
604 2499 694 2562 etiam
710 2494 819 2582 Lange
834 2518 932 2561 verm.
951 2493 1041 2561 Sehr.
1054 2518 1083 2581 p.
1094 2495 1151 2577 92)

137 2611 190 2665 eta
204 2601 307 2665 multis
323 2598 447 2683 probata
455 2599 534 2685 apud
544 2597 762 2680 Quintilianum
771 2596 931 2683 (X,1,89)
944 2598 1150 2683 reposuissete

137 2702 157 2767 S
163 2723 255 2767 erre
263 2722 352 2766 natm
375 2705 584 2766 consummari
602 2722 686 2765 more
706 2703 874 2765 immatura
894 2722 955 2764 uon
972 2720 1073 2786 parra
1090 2710 1149 2780 ert,

132 2807 262 2888 praeridit
286 2813 389 2867 tunam
406 2805 475 2868 eius
494 2823 593 2889 opera
607 2812 640 2866 et
651 2805 820 2867 maurinum
838 2803 971 2868 rirdolem
986 2802 1154 2868 ostendunt

135 2916 163 2968 et
175 2905 403 2981 admirabimur,
423 2909 597 2991 praecipue
612 2907 645 2968 iu
659 2915 763 2969 aetate
776 2905 846 2982 illu,
870 2908 951 2970 recti
958 2908 1088 2992 gereni
1101 2927 1153 2968 no-

133 3006 298 3085 luntatem,
328 3007 381 3072 uli
399 3008 490 3092 vulgo
513 3007 580 3073 Sed
596 3029 663 3071 eum
693 3008 822 3091 legitur,
851 3009 930 3090 quod
953 3018 1059 3094 aperte
1085 3027 1154 3072 cor-

132 3122 245 3196 ruptum
261 3120 331 3189 est,
354 3110 562 3194 quaestionem
577 3109 726 3190 instituit,
751 3110 895 3193 numquid
915 3111 953 3176 de
977 3111 1034 3175 hoe
1049 3120 1152 3195 poeta,

132 3233 214 3296 ptem
236 3210 396 3277 luvenalis
416 3232 533 3297 quoque
553 3224 768 3277 commemorat
783 3208 872 3292 (Vll,
889 3210 967 3293 80),
990 3222 1153 3296 praeterea

130 3314 295 3403 memoriae
303 3315 445 3379 traditum
454 3325 547 3380 esset.
570 3311 634 3379 lam
649 3315 734 3379 visus
749 3313 807 3378 sibi
823 3325 870 3379 est
885 3314 1053 3392 iuvenisse,
1072 3313 1154 3377 eele-

131 3437 180 3500 με
194 3416 287 3494 illas,
311 3437 391 3501 quae·
403 3413 559 3501 Calpurnii
574 3437 684 3481 nomeu
699 3436 772 3501 prae
793 3437 827 3481 ee
850 3417 970 3496 lerunt,
994 3438 1072 3482 aevu
1088 3414 1154 3479 Ne·

130 3518 259 3583 runiauu
282 3520 410 3604 seriptas
433 3539 523 3596 esse,
552 3528 584 3583 et
609 3518 820 3583 demonstrare
844 3529 970 3584 conatus
993 3528 1041 3582 est
1060 3518 1153 3582 certis

130 3620 269 3701 indiciis,
299 3620 426 3705 primam
455 3619 593 3705 eclogam
621 3621 762 3705 seriptum
792 3640 861 3686 esse
892 3641 921 3685 u.
952 3643 982 3706 p.
1012 3617 1087 3684 Chr.
1112 3616 1155 3682 54

132 3723 164 3803 (l.
186 3722 211 3786 l.
236 3745 267 3787 e.
291 3721 347 3807 3),
375 3722 532 3807 septimam
553 3742 584 3785 a.
604 3720 646 3786 57
669 3724 705 3801 (Ι.
722 3723 744 3786 Ι.
768 3744 799 3788 e.
814 3720 869 3806 4),
903 3733 1039 3805 quartem
1060 3741 1089 3784 a.
1112 3717 1154 3783 58

132 3824 163 3903 (l.
176 3822 200 3887 l.
218 3847 248 3889 e.
267 3820 325 3906 5),
354 3835 494 3890 octavam
522 3844 584 3887 nou
611 3825 710 3888 videri
730 3826 849 3908 quidem
874 3825 1008 3890 eiusdem
1028 3834 1152 3909 poetae,

132 3945 236 3992 rerum
250 3924 432 4004 niddense,
455 3925 535 4009 quod
553 3925 715 4011 impediet,
739 3927 897 4010 quominus
917 3924 1057 3991 Neronis
1079 3936 1154 3989 tem·

164 4149 238 4199 eald.
255 4148 384 4200 leetieaee
401 4148 530 4214 nudent,
550 4157 581 4201 ut
597 4150 707 4202 Caesius
724 4164 891 4218 reponamus,
911 4164 957 4200 nee
975 4155 1059 4216 petest
1073 4148 1156 4200 Gutus

165 4216 232 4281 legi,
259 4233 317 4269 eum
340 4218 435 4269 emim
458 4218 532 4270 Burei
558 4221 658 4270 neruiue
689 4218 743 4269 solu
771 4218 936 4286 praenomine
960 4220 1005 4268 vix
1030 4219 1156 4284 potuisset

165 4287 278 4349 annaei.
310 4286 423 4339 Videtur
447 4302 508 4352 erge
533 4285 631 4339 Gavius
649 4287 762 4350 lienem,
780 4288 824 4354 qui
843 4288 874 4338 de
892 4288 1057 4351 grammatica
1077 4286 1156 4336 liba-uu

167 4355 231 4404 laud
251 4355 312 4416 diu,
332 4363 362 4406 ut
379 4357 500 4419 videtur,
519 4363 580 4408 aute
598 4355 786 4421 Quintilianum
800 4356 919 4422 scripsit,
939 4355 1040 4406 anubis
1052 4355 1156 4417 agnosci

168 4422 269 4475 delen.
289 4423 342 4474 llee
359 4431 447 4476 autem
465 4440 528 4476 eane
540 4427 679 4493 permirum
692 4426 753 4477 milui
766 4426 868 4486 recidit,
889 4441 920 4475 ue
933 4424 1014 4475 dicem
1028 4424 1155 4489 iniquum,

170 4498 196 4542 ut
212 4493 272 4544 dn
288 4508 347 4546 mea
364 4494 420 4562 ipre
438 4493 528 4546 uineta
546 4494 654 4552 eredere
671 4494 746 4559 vele,
765 4493 844 4545 alium
861 4492 976 4544 refutare
994 4492 1095 4543 videar.
