2574 5054
337 780 470 845 scitor.
492 781 546 845 tt)
569 779 872 856 stt.1,2e-ot.
1037 779 1102 851 255
1206 718 1215 737 ἱ

76 962 123 1015 ret
144 962 175 1013 et
196 955 406 1014 nuereenorio
422 953 560 1015 tebernee
575 953 664 1034 digito
683 964 908 1026 monstraretur,
934 954 1027 1015 lertur
1040 954 1102 1016 lee-

76 1049 154 1099 tntus
176 1057 263 1112 esse,
283 1038 358 1119 qnod
377 1040 413 1099 eb
436 1039 606 1119 ignobilibus
625 1041 759 1101 sciretur.
791 1038 830 1100 llt
851 1039 982 1100 lloretine
998 1040 1047 1101 lib.
1061 1039 1103 1102 1v

77 1127 232 1185 amioum
253 1126 321 1184 ²sie
337 1126 441 1204 posuit,

250 1211 350 1270 Totum
365 1211 496 1270 muueris
511 1208 567 1267 loc
587 1211 635 1267 tui
653 1218 710 1281 ert,

245 1295 331 1371 Quod
344 1305 494 1355 monstror
508 1294 602 1372 digito
621 1295 889 1372 praetereuntium.

81 1418 85 1423 ·
164 1380 219 1443 29.
246 1380 315 1439 Ten'
340 1383 521 1440 cirratorum
544 1387 669 1440 neretum.
701 1379 800 1440 Potest
815 1397 853 1439 ox
867 1397 991 1459 perrone
1007 1378 1101 1441 Persii

76 1462 195 1526 ridicule
210 1462 374 1525 admirantis
389 1464 498 1545 recipi3
519 1471 618 1543 potest
632 1475 662 1524 et
676 1463 713 1524 eb
727 1465 775 1523 illo
795 1461 899 1524 dietum
920 1463 1031 1545 poturi,
1053 1467 1101 1546 qni

76 1548 184 1631 gaudet
205 1542 402 1611 esetinintione
423 1551 550 1630 poetice.
582 1546 614 1609 Si
635 1546 752 1611 Persius
776 1546 862 1622 dicit,
883 1551 923 1610 its
937 1559 984 1610 est
998 1552 1101 1612 intelli·

77 1633 218 1714 gendnuz
251 1634 310 1713 Cur
324 1656 380 1695 non
395 1634 484 1695 deber
499 1635 623 1694 laetorii
643 1645 724 1695 certe
738 1636 858 1695 mumma
873 1647 921 1696 ost
933 1635 1025 1714 gloria
1040 1638 1101 1696 lnn·

78 1720 142 1781 deri
156 1740 175 1781 e
188 1730 301 1781 eentum
316 1722 440 1781 cirretie.
461 1717 492 1781 Si
507 1719 555 1780 ille
571 1716 637 1779 dicit
649 1721 781 1800 poetices
796 1717 887 1781 lendis
898 1720 1029 1800 cupidus,
1045 1724 1100 1782 ite:

78 1804 125 1867 An
139 1816 187 1878 tu,
209 1805 307 1879 Persi,
329 1807 461 1886 exignum
476 1814 559 1883 putes
573 1802 681 1864 leudrri
695 1825 713 1864 e
727 1815 840 1866 centnm
860 1807 991 1880 cirretie,
1012 1804 1040 1866 id
1055 1817 1101 1867 est

78 1891 268 1952 scholasticis.
380 1892 530 1961 coruos,
557 1890 698 1967 cupillstie
726 1892 841 1970 pneris,
872 1893 1001 1972 quonism
1026 1889 1100 1973 epod

78 1978 208 2057 antiquos
231 1976 326 2036 criniti
348 1987 432 2036 erent
452 1972 652 2037 adolescentes
671 1995 761 2056 usqne
785 1973 821 2036 sd
842 1988 950 2038 certem
965 1987 1099 2049 aetutem,

80 2061 154 2144 qnod
169 2059 205 2122 de
219 2061 345 2122 moenio
359 2061 495 2141 Virgilius
506 2065 520 2100 ²
533 2060 591 2120 ait:

244 2148 342 2207 Fusus
364 2148 469 2206 oerum
487 2147 540 2205 cue'
556 2145 654 2205 locteo
674 2147 819 2225 colloque.

78 2230 197 2302 Nescit,
226 2234 374 2292 maximnm
400 2231 473 2292 banc
494 2232 718 2291 aestimationem
742 2231 854 2292 viderit
880 2231 920 2293 llt
938 2232 993 2293 boe
1016 2231 1098 2295 dicit:

79 2316 137 2378 Pro
158 2317 244 2376 nihilo
266 2315 371 2390 dncne,
392 2317 499 2396 scriptu
520 2326 569 2375 tue
590 2333 608 2377 s
629 2318 772 2396 magistris
793 2315 849 2377 ludi
865 2316 966 2378 dictari
981 2321 1100 2399 puerisi

79 2401 143 2463 blos
159 2404 234 2462 enim
249 2414 313 2462 erat
326 2404 540 2482 magistrorum,
563 2420 601 2461 ex
622 2399 718 2482 aliquo
733 2402 805 2462 libro
820 2401 928 2464 dicture
943 2402 1098 2485 discipulis.

164 2487 351 2548 'Occulte
373 2497 495 2547 nutem
517 2488 645 2566 tangit
666 2487 870 2562 Neronem,
892 2491 1000 2550 enine
1022 2510 1099 2551 cer·

80 2573 188 2644 mina,
212 2574 295 2652 quie
312 2571 566 2655 ³impersbet,
587 2591 655 2652 per
675 2572 831 2632 soboles
855 2574 1100 2636 celebrabun-

80 2666 148 2717 tnr.
164 2659 178 2685 ¹*
265 2661 386 2719 Certum
409 2668 503 2718 numm
524 2657 629 2717 finitum
652 2676 704 2736 pro
725 2658 832 2718 infinito
853 2661 965 2741 posuit,
986 2671 1018 2721 nt
1031 2658 1099 2722 Vir·

79 2744 164 2821 gilius
179 2746 212 2803 *τ

186 2830 253 2887 Noe
267 2829 344 2887 mili
353 2829 384 2888 ri
394 2828 515 2906 tuguoe
530 2836 644 2887 eentum
658 2828 738 2900 rint,
762 2846 875 2908 oraque
888 2840 1012 2891 eentum

166 2917 217 2976 30.
240 2916 318 2973 Eece
339 2916 419 2974 inter
434 2914 554 2993 poculo.
591 2913 651 2972 lloc
673 2912 757 2973 dicit:
788 2912 869 2987 Quod
891 2917 991 2976 iustum
1011 2912 1049 2978 rb
1063 2918 1098 2978 iis

80 3009 217 3078 expectes
231 2997 378 3072 iudicium,
401 3000 448 3078 qni
477 2999 533 3057 ism
553 2994 700 3057 medentes
715 3000 780 3058 vino
805 2997 968 3061 discernunt
981 2999 1017 3062 de
1032 3022 1098 3063 cer·

80 3084 218 3157 minibus,
239 3104 312 3164 quoe
333 3085 381 3144 vix
403 3084 522 3163 integris
541 3093 572 3142 et
591 3083 694 3143 ieiunis
715 3081 838 3143 discerni
853 3089 994 3164 possenti
1018 3087 1098 3150 Rene

80 3179 175 3229 eutem
190 3166 261 3228 dixit
274 3165 353 3230 ubter
363 3170 492 3247 pocula,
507 3168 556 3227 nbi
569 3179 635 3227 suot
649 3170 831 3229 instrumente
846 3167 979 3231 libidinis.

50 3255 53 3258 ⁴
166 3259 217 3317 31.
239 3257 429 3325 Romulidae,
452 3251 548 3313 idest
568 3252 685 3313 llomsni
707 3253 876 3329 eliomnlo,
897 3267 928 3315 nt
941 3255 1097 3320 Aeneades

79 3338 243 3400 abilenes.
328 3341 407 3411 Dio,
430 3337 520 3399 idest
549 3349 666 3412 ennete,
696 3338 863 3419 mugnifice,
884 3340 979 3415 clere,
994 3355 1026 3402 ut
1040 3343 1098 3405 llo·

79 3426 169 3485 ratius
186 3428 213 3485 ⁸:
414 3424 416 3431 ⁴

206 3510 360 3569 Sententia
376 3510 426 3569 din
449 3511 590 3583 Catonis,
620 3519 652 3570 et
664 3508 748 3589 Virg.
768 3513 799 3570 ⁶:
820 3512 880 3569 Dic
898 3513 1026 3572 Camillo

80 3595 160 3670 Quid
172 3596 221 3655 diu
232 3604 370 3673 poemata
384 3605 527 3671 uerrert,
548 3593 595 3669 id,
616 3593 690 3675 qnod
713 3594 888 3656 sentiendum
909 3598 948 3657 sit
968 3595 1005 3659 de
1026 3618 1097 3679 poe·

78 3679 219 3752 mutibus,
241 3690 291 3738 ant
305 3680 399 3760 qualis
414 3699 486 3740 nnnc
501 3691 633 3760 poemate
647 3680 838 3741 celebrentur.

167 3769 218 3827 32.
247 3766 320 3836 Hic,
350 3766 427 3824 luctu
454 3766 482 3824 in
504 3767 640 3826 conviviie
659 3777 818 3845 poematum
840 3767 1000 3842 mentione,
1030 3768 1099 3832 dicit

81 3846 185 3930 uliquis
199 3849 327 3930 locuples
342 3852 494 3910 emrtorioe
508 3870 628 3925 versus,
649 3871 712 3911 cnm
733 3850 830 3931 putido
850 3872 907 3914 vox
921 3855 984 3914 eins
998 3854 1097 3917 vidor-

82 4053 95 4106 l
116 4050 334 4114 llor.eerm.lV,
349 4052 474 4120 ³,21sq.

79 4121 189 4188 ivirss.
210 4123 276 4173 Aeo.
295 4121 329 4185 X,
344 4120 394 4175 137
402 4138 459 4189 esp-s
479 4121 567 4174 Furor
585 4124 680 4173 ceruix
699 4123 747 4172 cui
762 4120 848 4173 uerno
869 4126 958 4176 crium
977 4126 1094 4194 Accipit.

115 4190 149 4241 cl.
166 4188 234 4255 Vlll,
252 4190 367 4257 bibrum
390 4190 459 4243 Tum
476 4191 565 4242 lactea
582 4191 653 4243 collo
670 4190 747 4243 Auru
759 4192 939 4244 ieoeoturtur.

80 4258 97 4312 ³
116 4260 164 4322 qui
183 4261 223 4309 ito
235 4256 264 4309 C.
279 4259 369 4311 liertb.
385 4258 405 4309 l.
416 4259 437 4310 l.

80 4328 97 4378 l
115 4323 188 4391 Virg.
203 4325 297 4391 θοοῖς.
312 4326 347 4391 ll,
361 4325 405 4379 ld.
424 4327 488 4379 Aen.
502 4326 547 4392 Vl,
561 4328 621 4386 oto.

79 4395 97 4447 b
115 4392 206 4446 lloret.
222 4402 273 4446 ent.
286 4394 306 4458 l,
319 4397 347 4459 2,
361 4395 405 4450 ³2.

78 4461 181 4724 ΙΙΙΙ
181 4463 270 4517 ,Aen
287 4462 336 4528 xt,
349 4462 409 4515 bil.
