2574 5054
193 792 289 843 cmv
518 768 880 841 PROLEGOHENA.

191 945 276 1013 hibet
295 943 353 1028 (ci.
371 938 779 1029 murmuratorum.
802 933 880 1008 vett.
900 939 971 1009 luiat
993 940 1085 1009 llum.
1102 967 1133 1032 p.
1150 944 1216 1011 318

191 1048 275 1134 aqq.)
287 1044 418 1131 equodai
431 1046 538 1111 'verum
554 1056 620 1121 est,
636 1047 727 1130 louge
742 1043 861 1111 Valerii
874 1044 969 1112 Probi
983 1058 1113 1114 aetatem
1127 1069 1216 1134 prae·

191 1171 315 1238 gresaua
336 1159 401 1225 cat,
432 1158 501 1234 post
522 1149 600 1213 lunc
620 1167 689 1214 eum
709 1148 847 1226 unisse,
884 1157 969 1214 certe
991 1169 1053 1215 non
1079 1162 1212 1217 constat.

192 1250 270 1336 Quis
286 1252 373 1316 silet
393 1270 451 1333 quo
472 1260 609 1336 tempore
630 1251 745 1317 vixerit
769 1249 1026 1328 Theodorus,
1050 1272 1137 1335 quem
1160 1251 1214 1337 (ad

192 1353 310 1439 Georg.
327 1348 385 1429 ΙΙΙ,
400 1348 478 1434 280)
499 1349 701 1437 hippomanes
721 1350 848 1417 herbam
862 1350 978 1417 dixisse
992 1353 1103 1432 tradit,
1126 1375 1214 1437 quam

190 1457 260 1542 eqni
275 1456 301 1521 si
322 1453 514 1538 gustaverint
534 1454 717 1533 efferantur,
740 1454 866 1532 nescio,
889 1454 944 1519 aed
966 1474 1141 1538 persuasum
1164 1466 1215 1520 est

189 1557 397 1646 reponendum
414 1576 483 1621 esse
503 1554 665 1621 Tlteocn'ti
683 1576 813 1635 nomeu,
837 1557 888 1640 qui
908 1551 966 1642 (ΙΙ,
982 1554 1025 1620 48
1039 1556 1102 1641 aq.)
1118 1557 1212 1621 dicit:

189 1657 403 1746 -Ἱππομανὲς
427 1651 535 1745 φυτόν
556 1661 627 1725 ἐστι
646 1650 901 1746 παρ’Ἀριιάσι,
922 1653 1006 1748 τῷδ’
1027 1658 1084 1726 ἐπὶ
1105 1658 1216 1727 πᾶσαι

187 1763 261 1834 Kal
282 1761 389 1829 πῶλοι
409 1757 599 1848 μαίνονται
619 1753 679 1828 o’o’
693 1755 782 1849 ὥρια
800 1761 856 1829 acl
877 1761 962 1829 doci
984 1765 1082 1827 ἵπποι
1088 1808 1101 1840 ,
1125 1760 1211 1825 etde

188 1866 296 1932 eadem
316 1884 350 1927 re
373 1861 513 1927 laudatur
532 1859 724 1948 Philargyrio
739 1862 777 1928 ad
791 1861 822 1925 lu.
840 1862 861 1927 Ι.
880 1874 913 1929 et
927 1860 1038 1928 Servio
1053 1863 1105 1944 (ad
1123 1863 1209 1926 Aen.

187 1962 247 2046 lv,
270 1961 361 2047 515).
399 1962 530 2028 Accedit
557 1963 636 2047 quod
658 1965 737 2050 apud
759 1961 934 2031 Fabricium
955 1964 1068 2049 legitur
1090 1962 1209 2029 Theod.

187 2067 266 2153 qnod
295 2086 362 2130 oum
390 2064 520 2130 Tloeoor.
548 2064 689 2129 facillime
711 2065 856 2130 conlundi
876 2067 982 2153 potuit.
1022 2062 1210 2150 Quamquam

186 2168 247 2234 alio
268 2169 335 2233 loco
356 2168 432 2254 apud
456 2165 654 2253 Pomponium
684 2163 830 2233 Sabinum
859 2169 913 2250 (ad
935 2164 1054 2253 Georg.
1078 2165 1106 2248 Ι,
1131 2166 1210 2251 399)

186 2268 307 2337 Proluu
328 2268 470 2335 retulisse
492 2267 620 2348 dicitur,
646 2266 788 2336 Ovidium
811 2269 849 2333 do
864 2267 1023 2357 Halcyone
1036 2269 1145 2355 partim
1160 2288 1210 2334 aa·

184 2383 284 2438 cutum
307 2391 376 2437 esse
396 2369 608 2449 Nicandrum,
631 2371 739 2455 partim
762 2370 1026 2437 Theodorum.
1061 2365 1108 2434 lbi
1133 2391 1209 2436 eun·

186 2475 253 2541 dem
275 2473 502 2558 intelligendum
524 2467 611 2558 putat
628 2470 770 2538 Naekinu
795 2470 926 2558 (iiheiu.
947 2469 1027 2537 ulus.
1043 2468 1075 2538 V
1089 2494 1118 2558 p.
1135 2468 1206 2554 50),

182 2576 235 2663 qui
249 2597 268 2640 a
283 2573 448 2640 Plutarcho
472 2575 634 2660 (paralleli.
650 2573 694 2641 22
707 2597 738 2660 p.
755 2572 817 2640 311
832 2573 892 2658 Α.)
913 2572 1053 2640 laudetur
1072 2577 1113 2641 ἐν
1133 2587 1209 2649 coir

182 2671 494 2767 μεταμορφώσεσιν.
525 2673 682 2743 Obscurus
704 2686 753 2742 eat
774 2675 866 2742 ctiam
889 2673 1050 2763 Scylloa
1072 2677 1207 2763 tragicus

183 2779 314 2864 aoriptor
336 2776 469 2864 (Georg‚
485 2774 545 2858 111,
560 2777 637 2862 25),
663 2779 713 2863 qui
735 2779 772 2844 de
792 2777 973 2864 genealogia
993 2780 1120 2845 Aeneaa
1141 2779 1207 2846 lau-

183 2879 290 2957 datur,
316 2901 374 2945 nec
389 2879 426 2944 de
442 2901 480 2944 eo
494 2879 651 2964 quicquam
666 2882 793 2947 relatum
807 2880 945 2947 invenio.
973 2879 1073 2947 Porro
1088 2880 1206 2947 Asco-

182 2982 283 3048 nium
312 2979 545 3062 Pediauum,
593 2983 678 3049 cuius
707 2984 881 3050 testimonio
910 2983 1006 3048 utitur
1042 2983 1096 3068 (ad
1125 2982 1203 3050 Buo.

180 3104 212 3172 p.
229 3081 292 3148 349
306 3081 435 3169 Lion.)‚
459 3085 568 3150 afferre
591 3086 689 3170 potuit
708 3081 850 3152 Valerius
865 3082 1003 3167 Probas3
1026 3105 1205 3171 quamquam

181 3187 261 3252 enim
291 3187 358 3251 iere
387 3187 528 3270 aequales
558 3188 699 3266 iueruut,
730 3187 896 3254 daconium
928 3200 1028 3253 tamen
1043 3189 1203 3254 aeniorem

179 3288 275 3354 fuisse
298 3288 545 3354 verisimillimum
567 3298 615 3354 eat
635 3291 693 3371 (cl.
714 3286 851 3375 Madvig.
875 3290 913 3356 de
929 3287 971 3372 Q.
987 3289 1105 3356 Aaoou.
1121 3287 1201 3356 Ped.

179 3389 255 3476 diap.
273 3391 343 3455 crit.
361 3414 388 3457 c.
407 3390 452 3472 1).
482 3388 621 3456 Reatat¹
643 3390 838 3458 Aemilius
853 3392 1004 3479 Asper,
1026 3414 1114 3478 quem
1131 3390 1203 3458 Vir·

177 3491 281 3579 gilium
297 3504 461 3558 annotasse
477 3495 566 3572 dicit,
590 3505 623 3567 et
637 3495 722 3560 ouius
736 3495 917 3561 senteutiam
937 3495 983 3561 bia
1003 3494 1129 3582 raapicit
1148 3497 1202 3578 (ad

178 3590 247 3660 lici.
264 3592 322 3674 Vl,
339 3592 357 3658 1
376 3615 402 3679 p.
418 3592 492 3659 353.
510 3591 600 3678 351).
624 3596 758 3663 Aliunde
772 3598 832 3664 iam
848 3597 1018 3678 constabat,
1042 3616 1109 3661 aun
1130 3595 1202 3663 vio

213 3834 239 3887 ia
259 3832 354 3886 ltouati
371 3835 428 3888 vita
444 3836 481 3901 (d,
499 3836 544 3900 27)
561 3841 667 3887 auctora
683 3834 789 3889 ideliaao
806 3836 930 3888 traditur.
960 3835 1081 3889 Cataran
1098 3837 1131 3890 da
1147 3834 1201 3890 Ιο-

210 3902 283 3955 ilaaia
307 3903 341 3954 ai.
368 3903 511 3957 Waialert.
537 3904 555 3956 l.
577 3904 596 3956 l.
625 3904 761 3970 Surinssar.
790 3904 853 3957 liat.
878 3904 940 3958 erit.
963 3905 1054 3958 acioli.
1079 3904 1151 3957 taut.
1177 3904 1201 3958 ll

181 4040 183 4044 y
213 3986 239 4038 p·
257 3970 309 4027 231
320 3987 376 4039 aqq.

178 4057 192 4113 1
212 4053 339 4121 Suriugar
363 4058 431 4124 (1.1.
456 4055 478 4109 ΙΙ
496 4074 520 4125 p.
540 4058 584 4109 23.
605 4057 654 4109 111
666 4060 723 4124 aq.)
743 4058 994 4122 Alexandrum,
1024 4072 1097 4125 quem
1123 4056 1201 4110 affort

210 4122 310 4176 Probna
332 4125 376 4192 (ad
395 4126 444 4176 ecl.
464 4125 495 4188 ΙΙ,
515 4126 562 4192 d),
588 4133 663 4192 putat
687 4142 745 4178 aaaa
770 4128 938 4194 interpretem
955 4127 1077 4192 virgati,
1100 4127 1133 4180 da
1148 4144 1200 4194 qua

211 4206 244 4244 au
269 4191 403 4260 Pomponio
435 4192 529 4245 Sabino
562 4195 672 4246 maxima
705 4200 823 4260 conatat3
858 4211 946 4247 veram
972 4197 1118 4248 coniunctio
1140 4212 1198 4248 aa·

210 4259 321 4328 Panyaai
340 4262 389 4312 iam
407 4262 517 4325 euadat,
537 4268 565 4312 ut
583 4263 755 4327 lutalligatnua
771 4264 947 4316 Alexandrum
964 4264 1092 4318 Aetolum.
1111 4264 1199 4319 Varla

210 4337 347 4396 oorruma,
366 4345 436 4410 quae„
448 4331 576 4394 negotium
595 4331 712 4383 lecerunt
723 4330 919 4385 Soluaidawiuo
934 4334 1001 4390 (coa.
1015 4333 1074 4383 orit.
1089 4349 1113 4400 p,
1127 4334 1198 4398 tto),

207 4398 376 4520 Enendaronoat
397 4397 531 4466 uuatzor,
554 4397 685 4465 Naalrtrass
702 4416 727 4469 p.
747 4401 790 4457 31.
822 4399 966 4455 licinaliua
992 4401 1024 4452 ad
1043 4401 1097 4454 del.
1123 4404 1196 4454 ιιιι.

234 4482 255 4519 r.
275 4484 300 4537 p.
356 4503 363 4518 .
