<?xml version="1.0" encoding="UTF-8"?>
<!DOCTYPE html PUBLIC "-//W3C//DTD XHTML 1.0 Transitional//EN"
    "http://www.w3.org/TR/xhtml1/DTD/xhtml1-transitional.dtd">
<html xmlns="http://www.w3.org/1999/xhtml" xml:lang="en" lang="en">
 <head>
  <title>
</title>
<meta http-equiv="Content-Type" content="text/html;charset=utf-8" />
  <meta name='ocr-system' content='tesseract 3.04.00' />
  <meta name='ocr-capabilities' content='ocr_page ocr_carea ocr_par ocr_line ocrx_word'/>
</head>
<body>
  <div class='ocr_page' id='page_1' title='image "./satirarumliberc00jahngoog_0225.png"; bbox 0 0 2574 5054; ppageno 0'>
   <div class='ocr_carea' id='block_1_1' title="bbox 174 752 871 823">
    <p class='ocr_par' dir='ltr' id='par_1_1' title="bbox 174 752 871 823">
     <span class='ocr_line' id='line_1_1' title="bbox 174 752 871 823; baseline -0.011 1"><span class='ocrx_word' id='word_1_1' title='bbox 174 775 275 823; x_wconf 79' lang='lat' dir='ltr'><strong>coma</strong></span> <span class='ocrx_word' id='word_1_2' title='bbox 504 752 871 818; x_wconf 76' lang='lat' dir='ltr'><strong>Pnonnconnnt.</strong></span> 
     </span>
    </p>
   </div>
   <div class='ocr_carea' id='block_1_2' title="bbox 174 920 1201 1418">
    <p class='ocr_par' dir='ltr' id='par_1_2' title="bbox 174 920 1201 1418">
     <span class='ocr_line' id='line_1_2' title="bbox 175 920 1201 1012; baseline -0.006 -20"><span class='ocrx_word' id='word_1_3' title='bbox 175 922 248 992; x_wconf 83' lang='lat' dir='ltr'><strong>Vll.</strong></span> <span class='ocrx_word' id='word_1_4' title='bbox 267 922 401 990; x_wconf 79' lang='lat' dir='ltr'><strong>Carmen</strong></span> <span class='ocrx_word' id='word_1_5' title='bbox 416 925 579 1012; x_wconf 78' lang='lat' dir='ltr'><strong>anonymi,</strong></span> <span class='ocrx_word' id='word_1_6' title='bbox 596 924 681 991; x_wconf 89' lang='lat' dir='ltr'><strong>coins</strong></span> <span class='ocrx_word' id='word_1_7' title='bbox 696 924 820 990; x_wconf 83' lang='lat' dir='ltr'><strong>titulus:</strong></span> <span class='ocrx_word' id='word_1_8' title='bbox 843 922 944 988; x_wconf 83' lang='lat' dir='ltr'><strong>Liber</strong></span> <span class='ocrx_word' id='word_1_9' title='bbox 947 920 1107 1006; x_wconf 80' lang='lat' dir='ltr'><strong>facetiae,</strong></span> <span class='ocrx_word' id='word_1_10' title='bbox 1131 929 1201 987; x_wconf 83' lang='lat' dir='ltr'><strong>sinc</strong></span> 
     </span>
     <span class='ocr_line' id='line_1_3' title="bbox 175 1020 1200 1113; baseline 0.001 -25"><span class='ocrx_word' id='word_1_11' title='bbox 175 1046 236 1112; x_wconf 82' lang='lat' dir='ltr'><strong>quo</strong></span> <span class='ocrx_word' id='word_1_12' title='bbox 255 1047 341 1089; x_wconf 87' lang='lat' dir='ltr'><strong>nemo</strong></span> <span class='ocrx_word' id='word_1_13' title='bbox 357 1035 551 1113; x_wconf 81' lang='lat' dir='ltr'><strong>potestesse</strong></span> <span class='ocrx_word' id='word_1_14' title='bbox 574 1026 650 1090; x_wconf 82' lang='lat' dir='ltr'><strong>bene</strong></span> <span class='ocrx_word' id='word_1_15' title='bbox 669 1029 892 1111; x_wconf 73' lang='lat' dir='ltr'><strong>moriginrtus.</strong></span> <span class='ocrx_word' id='word_1_16' title='bbox 930 1020 1017 1089; x_wconf 91' lang='lat' dir='ltr'><strong>Vlll.</strong></span> <span class='ocrx_word' id='word_1_17' title='bbox 1043 1023 1200 1089; x_wconf 80' lang='lat' dir='ltr'><strong>Aemilii</strong></span> 
     </span>
     <span class='ocr_line' id='line_1_4' title="bbox 174 1124 1200 1213; baseline -0.001 -21"><span class='ocrx_word' id='word_1_18' title='bbox 174 1125 295 1193; x_wconf 83' lang='lat' dir='ltr'><strong>Macri</strong></span> <span class='ocrx_word' id='word_1_19' title='bbox 312 1149 417 1213; x_wconf 80' lang='lat' dir='ltr'><strong>poema</strong></span> <span class='ocrx_word' id='word_1_20' title='bbox 433 1128 471 1193; x_wconf 92' lang='lat' dir='ltr'><strong>de</strong></span> <span class='ocrx_word' id='word_1_21' title='bbox 488 1129 602 1193; x_wconf 86' lang='lat' dir='ltr'><strong>viribus</strong></span> <span class='ocrx_word' id='word_1_22' title='bbox 612 1128 785 1205; x_wconf 81' lang='lat' dir='ltr'><strong>herbarum,</strong></span> <span class='ocrx_word' id='word_1_23' title='bbox 802 1128 870 1190; x_wconf 89' lang='lat' dir='ltr'><strong>linis</strong></span> <span class='ocrx_word' id='word_1_24' title='bbox 880 1127 1082 1191; x_wconf 87' lang='lat' dir='ltr'><strong>desideratur.</strong></span> <span class='ocrx_word' id='word_1_25' title='bbox 1101 1124 1200 1191; x_wconf 87' lang='lat' dir='ltr'><strong>Huius</strong></span> 
     </span>
     <span class='ocr_line' id='line_1_5' title="bbox 175 1225 1199 1316; baseline -0.005 -21"><span class='ocrx_word' id='word_1_26' title='bbox 175 1230 242 1295; x_wconf 87' lang='lat' dir='ltr'><strong>cod.</strong></span> <span class='ocrx_word' id='word_1_27' title='bbox 258 1252 327 1314; x_wconf 77' lang='lat' dir='ltr'><strong>pars</strong></span> <span class='ocrx_word' id='word_1_28' title='bbox 350 1231 450 1315; x_wconf 85' lang='lat' dir='ltr'><strong>prior,</strong></span> <span class='ocrx_word' id='word_1_29' title='bbox 474 1230 507 1294; x_wconf 90' lang='lat' dir='ltr'><strong>in</strong></span> <span class='ocrx_word' id='word_1_30' title='bbox 528 1252 588 1314; x_wconf 83' lang='lat' dir='ltr'><strong>qna</strong></span> <span class='ocrx_word' id='word_1_31' title='bbox 609 1241 681 1294; x_wconf 87' lang='lat' dir='ltr'><strong>snnt</strong></span> <span class='ocrx_word' id='word_1_32' title='bbox 701 1227 801 1294; x_wconf 89' lang='lat' dir='ltr'><strong>Persii</strong></span> <span class='ocrx_word' id='word_1_33' title='bbox 825 1227 975 1316; x_wconf 67' lang='lat' dir='ltr'><strong>smyrne,</strong></span> <span class='ocrx_word' id='word_1_34' title='bbox 999 1247 1082 1293; x_wconf 87' lang='lat' dir='ltr'><strong>saec.</strong></span> <span class='ocrx_word' id='word_1_35' title='bbox 1103 1225 1199 1307; x_wconf 86' lang='lat' dir='ltr'><strong>Xlll,</strong></span> 
     </span>
     <span class='ocr_line' id='line_1_6' title="bbox 175 1325 822 1418; baseline -0.005 -22"><span class='ocrx_word' id='word_1_36' title='bbox 175 1332 271 1397; x_wconf 81' lang='lat' dir='ltr'><strong>altera</strong></span> <span class='ocrx_word' id='word_1_37' title='bbox 287 1353 370 1397; x_wconf 89' lang='lat' dir='ltr'><strong>saec.</strong></span> <span class='ocrx_word' id='word_1_38' title='bbox 387 1328 465 1396; x_wconf 82' lang='lat' dir='ltr'><strong>xlv</strong></span> <span class='ocrx_word' id='word_1_39' title='bbox 480 1333 593 1418; x_wconf 86' lang='lat' dir='ltr'><strong>scripta</strong></span> <span class='ocrx_word' id='word_1_40' title='bbox 609 1352 678 1396; x_wconf 87' lang='lat' dir='ltr'><strong>csse</strong></span> <span class='ocrx_word' id='word_1_41' title='bbox 691 1325 822 1395; x_wconf 75' lang='lat' dir='ltr'><strong>ridetur.</strong></span> 
     </span>
    </p>
   </div>
   <div class='ocr_carea' id='block_1_3' title="bbox 92 1482 1200 1666">
    <p class='ocr_par' dir='ltr' id='par_1_3' title="bbox 92 1482 1200 1666">
     <span class='ocr_line' id='line_1_7' title="bbox 92 1482 1200 1570; baseline 0 -20"><span class='ocrx_word' id='word_1_42' title='bbox 92 1484 157 1539; x_wconf 78' lang='lat'><strong>1⁸3·</strong></span> <span class='ocrx_word' id='word_1_43' title='bbox 263 1482 342 1550; x_wconf 85' lang='lat' dir='ltr'><strong>Cod.</strong></span> <span class='ocrx_word' id='word_1_44' title='bbox 368 1507 399 1549; x_wconf 91' lang='lat' dir='ltr'><strong>n.</strong></span> <span class='ocrx_word' id='word_1_45' title='bbox 422 1483 507 1550; x_wconf 91' lang='grc'><strong>8070</strong></span> <span class='ocrx_word' id='word_1_46' title='bbox 528 1483 912 1570; x_wconf 59' lang='lat' dir='ltr'><strong>membranaceum),</strong></span> <span class='ocrx_word' id='word_1_47' title='bbox 936 1484 1072 1549; x_wconf 90' lang='lat' dir='ltr'><strong>continet</strong></span> <span class='ocrx_word' id='word_1_48' title='bbox 1089 1482 1200 1550; x_wconf 84' lang='lat' dir='ltr'><strong>Inve-</strong></span> 
     </span>
     <span class='ocr_line' id='line_1_8' title="bbox 176 1583 1200 1666; baseline 0.001 -16"><span class='ocrx_word' id='word_1_49' title='bbox 176 1587 282 1651; x_wconf 85' lang='lat' dir='ltr'><strong>nelis</strong></span> <span class='ocrx_word' id='word_1_50' title='bbox 304 1587 412 1650; x_wconf 84' lang='lat' dir='ltr'><strong>satiras</strong></span> <span class='ocrx_word' id='word_1_51' title='bbox 434 1609 518 1652; x_wconf 87' lang='lat' dir='ltr'><strong>saec.</strong></span> <span class='ocrx_word' id='word_1_52' title='bbox 542 1585 625 1666; x_wconf 89' lang='grc' dir='ltr'><strong>ΧΙΙ,</strong></span> <span class='ocrx_word' id='word_1_53' title='bbox 650 1596 682 1651; x_wconf 90' lang='lat' dir='ltr'><strong>et</strong></span> <span class='ocrx_word' id='word_1_54' title='bbox 702 1586 740 1651; x_wconf 90' lang='lat' dir='ltr'><strong>ab</strong></span> <span class='ocrx_word' id='word_1_55' title='bbox 761 1586 820 1652; x_wconf 84' lang='lat' dir='ltr'><strong>alia</strong></span> <span class='ocrx_word' id='word_1_56' title='bbox 835 1608 927 1651; x_wconf 89' lang='lat' dir='ltr'><strong>mann</strong></span> <span class='ocrx_word' id='word_1_57' title='bbox 941 1583 1073 1651; x_wconf 89' lang='lat' dir='ltr'><strong>Persii</strong></span> <span class='ocrx_word' id='word_1_58' title='bbox 1090 1588 1200 1651; x_wconf 83' lang='lat' dir='ltr'><strong>satiras</strong></span> 
     </span>
    </p>
   </div>
   <div class='ocr_carea' id='block_1_4' title="bbox 175 1687 1197 1856">
    <p class='ocr_par' dir='ltr' id='par_1_4' title="bbox 175 1687 1197 1856">
     <span class='ocr_line' id='line_1_9' title="bbox 175 1687 1197 1774; baseline 0.001 -23"><span class='ocrx_word' id='word_1_59' title='bbox 175 1689 270 1751; x_wconf 81' lang='lat' dir='ltr'><strong>forma</strong></span> <span class='ocrx_word' id='word_1_60' title='bbox 288 1689 418 1753; x_wconf 87' lang='lat' dir='ltr'><strong>maxima</strong></span> <span class='ocrx_word' id='word_1_61' title='bbox 434 1709 517 1754; x_wconf 86' lang='lat' dir='ltr'><strong>saec.</strong></span> <span class='ocrx_word' id='word_1_62' title='bbox 537 1687 601 1767; x_wconf 88' lang='lat' dir='ltr'><strong>XI,</strong></span> <span class='ocrx_word' id='word_1_63' title='bbox 624 1688 765 1753; x_wconf 90' lang='lat' dir='ltr'><strong>distincte</strong></span> <span class='ocrx_word' id='word_1_64' title='bbox 785 1689 840 1753; x_wconf 87' lang='lat' dir='ltr'><strong>sed</strong></span> <span class='ocrx_word' id='word_1_65' title='bbox 863 1709 925 1752; x_wconf 94' lang='lat' dir='ltr'><strong>non</strong></span> <span class='ocrx_word' id='word_1_66' title='bbox 947 1688 1041 1754; x_wconf 92' lang='lat' dir='ltr'><strong>nitide</strong></span> <span class='ocrx_word' id='word_1_67' title='bbox 1057 1689 1197 1774; x_wconf 82' lang='lat' dir='ltr'><strong>scriptas.</strong></span> 
     </span>
     <span class='ocr_line' id='line_1_10' title="bbox 175 1787 849 1856; baseline -0.001 -2"><span class='ocrx_word' id='word_1_68' title='bbox 175 1787 331 1855; x_wconf 76' lang='lat' dir='ltr'><strong>Interdum</strong></span> <span class='ocrx_word' id='word_1_69' title='bbox 347 1792 451 1855; x_wconf 83' lang='lat' dir='ltr'><strong>cadem</strong></span> <span class='ocrx_word' id='word_1_70' title='bbox 468 1813 574 1856; x_wconf 88' lang='lat' dir='ltr'><strong>manus</strong></span> <span class='ocrx_word' id='word_1_71' title='bbox 589 1791 662 1855; x_wconf 84' lang='lat' dir='ltr'><strong>vitia</strong></span> <span class='ocrx_word' id='word_1_72' title='bbox 681 1790 829 1856; x_wconf 81' lang='lat' dir='ltr'><strong>correxit.</strong></span> <span class='ocrx_word' id='word_1_73' title='bbox 847 1788 849 1793; x_wconf 67' lang='grc'>’</span> 
     </span>
    </p>
   </div>
   <div class='ocr_carea' id='block_1_5' title="bbox 93 1924 1202 2500">
    <p class='ocr_par' dir='ltr' id='par_1_5' title="bbox 93 1924 1202 2500">
     <span class='ocr_line' id='line_1_11' title="bbox 93 1924 1199 2013; baseline 0.005 -29"><span class='ocrx_word' id='word_1_74' title='bbox 93 1930 118 1982; x_wconf 77' lang='grc' dir='ltr'><em>Ρ</em></span> <span class='ocrx_word' id='word_1_75' title='bbox 130 1932 155 1984; x_wconf 82' lang='lat' dir='ltr'><strong>t.</strong></span> <span class='ocrx_word' id='word_1_76' title='bbox 262 1924 342 1990; x_wconf 89' lang='lat' dir='ltr'><strong>Cod.</strong></span> <span class='ocrx_word' id='word_1_77' title='bbox 360 1948 391 1990; x_wconf 90' lang='lat' dir='ltr'><strong>n.</strong></span> <span class='ocrx_word' id='word_1_78' title='bbox 409 1924 493 1991; x_wconf 82' lang='lat'><strong>8049</strong></span> <span class='ocrx_word' id='word_1_79' title='bbox 508 1927 553 2013; x_wconf 88' lang='grc' dir='ltr'><strong>(Ρ</strong></span> <span class='ocrx_word' id='word_1_80' title='bbox 565 1925 636 2011; x_wconf 63' lang='lat' dir='ltr'><strong>d),</strong></span> <span class='ocrx_word' id='word_1_81' title='bbox 653 1927 922 2006; x_wconf 85' lang='lat' dir='ltr'><strong>membranaceus,</strong></span> <span class='ocrx_word' id='word_1_82' title='bbox 942 1928 1039 1993; x_wconf 89' lang='lat' dir='ltr'><strong>lorma</strong></span> <span class='ocrx_word' id='word_1_83' title='bbox 1054 1928 1199 2006; x_wconf 83' lang='lat' dir='ltr'><strong>maxima,</strong></span> 
     </span>
     <span class='ocr_line' id='line_1_12' title="bbox 176 2026 1202 2114; baseline 0 -22"><span class='ocrx_word' id='word_1_84' title='bbox 176 2027 270 2092; x_wconf 90' lang='lat' dir='ltr'><strong>nitide</strong></span> <span class='ocrx_word' id='word_1_85' title='bbox 294 2029 423 2113; x_wconf 81' lang='lat' dir='ltr'><strong>scriptus</strong></span> <span class='ocrx_word' id='word_1_86' title='bbox 445 2050 529 2093; x_wconf 86' lang='lat' dir='ltr'><strong>saec.</strong></span> <span class='ocrx_word' id='word_1_87' title='bbox 552 2026 613 2093; x_wconf 81' lang='lat' dir='ltr'><strong>xl.</strong></span> <span class='ocrx_word' id='word_1_88' title='bbox 658 2026 823 2094; x_wconf 79' lang='lat' dir='ltr'><strong>Praecedit</strong></span> <span class='ocrx_word' id='word_1_89' title='bbox 843 2029 926 2108; x_wconf 83' lang='lat' dir='ltr'><strong>vita,</strong></span> <span class='ocrx_word' id='word_1_90' title='bbox 957 2029 1107 2114; x_wconf 82' lang='lat' dir='ltr'><strong>adscripta</strong></span> <span class='ocrx_word' id='word_1_91' title='bbox 1130 2040 1202 2093; x_wconf 89' lang='lat' dir='ltr'><strong>snnt</strong></span> 
     </span>
     <span class='ocr_line' id='line_1_13' title="bbox 175 2127 1201 2214; baseline -0.003 -18"><span class='ocrx_word' id='word_1_92' title='bbox 175 2130 291 2196; x_wconf 86' lang='lat' dir='ltr'><strong>scholia</strong></span> <span class='ocrx_word' id='word_1_93' title='bbox 307 2152 399 2214; x_wconf 87' lang='lat' dir='ltr'><strong>nsque</strong></span> <span class='ocrx_word' id='word_1_94' title='bbox 416 2132 453 2195; x_wconf 87' lang='lat' dir='ltr'><strong>ad</strong></span> <span class='ocrx_word' id='word_1_95' title='bbox 469 2133 559 2196; x_wconf 87' lang='lat' dir='ltr'><strong>finem</strong></span> <span class='ocrx_word' id='word_1_96' title='bbox 575 2141 633 2195; x_wconf 88' lang='lat' dir='ltr'><strong>sat.</strong></span> <span class='ocrx_word' id='word_1_97' title='bbox 650 2128 708 2193; x_wconf 91' lang='lat' dir='ltr'><strong>lll.</strong></span> <span class='ocrx_word' id='word_1_98' title='bbox 737 2127 774 2194; x_wconf 91' lang='lat' dir='ltr'><strong>ln</strong></span> <span class='ocrx_word' id='word_1_99' title='bbox 795 2133 852 2196; x_wconf 85' lang='lat' dir='ltr'><strong>fine</strong></span> <span class='ocrx_word' id='word_1_100' title='bbox 874 2131 1016 2214; x_wconf 85' lang='lat' dir='ltr'><strong>scriptum</strong></span> <span class='ocrx_word' id='word_1_101' title='bbox 1040 2142 1105 2195; x_wconf 84' lang='lat' dir='ltr'><strong>est:</strong></span> <span class='ocrx_word' id='word_1_102' title='bbox 1129 2129 1201 2196; x_wconf 78' lang='lat' dir='ltr'><strong>Eu·</strong></span> 
     </span>
     <span class='ocr_line' id='line_1_14' title="bbox 168 2230 1202 2318; baseline 0.001 -22"><span class='ocrx_word' id='word_1_103' title='bbox 168 2233 266 2318; x_wconf 80' lang='lat' dir='ltr'><strong>plim&#39;t</strong></span> <span class='ocrx_word' id='word_1_104' title='bbox 285 2235 421 2297; x_wconf 82' lang='lat' dir='ltr'><strong>intortus</strong></span> <span class='ocrx_word' id='word_1_105' title='bbox 436 2255 499 2318; x_wconf 82' lang='lat' dir='ltr'><strong>per</strong></span> <span class='ocrx_word' id='word_1_106' title='bbox 515 2243 613 2299; x_wconf 86' lang='lat' dir='ltr'><strong>totum</strong></span> <span class='ocrx_word' id='word_1_107' title='bbox 626 2230 756 2296; x_wconf 80' lang='lat' dir='ltr'><strong>Persius</strong></span> <span class='ocrx_word' id='word_1_108' title='bbox 771 2233 887 2298; x_wconf 86' lang='lat' dir='ltr'><strong>orbem.</strong></span> <span class='ocrx_word' id='word_1_109' title='bbox 916 2230 1065 2297; x_wconf 77' lang='lat' dir='ltr'><strong>Continet</strong></span> <span class='ocrx_word' id='word_1_110' title='bbox 1078 2242 1202 2316; x_wconf 84' lang='lat' dir='ltr'><strong>praeter</strong></span> 
     </span>
     <span class='ocr_line' id='line_1_15' title="bbox 175 2331 1201 2419; baseline -0.001 -21"><span class='ocrx_word' id='word_1_111' title='bbox 175 2331 317 2399; x_wconf 78' lang='lat' dir='ltr'><strong>Persium</strong></span> <span class='ocrx_word' id='word_1_112' title='bbox 346 2337 438 2400; x_wconf 90' lang='lat' dir='ltr'><strong>etiam</strong></span> <span class='ocrx_word' id='word_1_113' title='bbox 466 2332 654 2400; x_wconf 90' lang='lat' dir='ltr'><strong>Petronii</strong></span> <span class='ocrx_word' id='word_1_114' title='bbox 683 2345 832 2419; x_wconf 80' lang='lat' dir='ltr'><strong>excerpta</strong></span> <span class='ocrx_word' id='word_1_115' title='bbox 861 2347 893 2401; x_wconf 89' lang='lat' dir='ltr'><strong>et</strong></span> <span class='ocrx_word' id='word_1_116' title='bbox 921 2332 1100 2400; x_wconf 84' lang='lat' dir='ltr'><strong>Senecae</strong></span> <span class='ocrx_word' id='word_1_117' title='bbox 1130 2355 1201 2398; x_wconf 91' lang='lat' dir='ltr'><strong>sen·</strong></span> 
     </span>
     <span class='ocr_line' id='line_1_16' title="bbox 177 2436 301 2500; baseline -0.016 0"><span class='ocrx_word' id='word_1_118' title='bbox 177 2436 301 2500; x_wconf 76' lang='lat' dir='ltr'><strong>tentius.</strong></span> 
     </span>
    </p>
   </div>
   <div class='ocr_carea' id='block_1_6' title="bbox 94 2551 1200 2641">
    <p class='ocr_par' dir='ltr' id='par_1_6' title="bbox 94 2551 1200 2641">
     <span class='ocr_line' id='line_1_17' title="bbox 94 2551 1200 2641; baseline -0.002 -23"><span class='ocrx_word' id='word_1_119' title='bbox 94 2566 156 2619; x_wconf 74' lang='grc' dir='ltr'><strong>Μ.</strong></span> <span class='ocrx_word' id='word_1_120' title='bbox 264 2551 344 2619; x_wconf 86' lang='lat' dir='ltr'><strong>Cod.</strong></span> <span class='ocrx_word' id='word_1_121' title='bbox 367 2577 397 2618; x_wconf 89' lang='lat' dir='ltr'><strong>n.</strong></span> <span class='ocrx_word' id='word_1_122' title='bbox 412 2552 514 2633; x_wconf 88' lang='grc'><strong>8272,</strong></span> <span class='ocrx_word' id='word_1_123' title='bbox 538 2556 610 2620; x_wconf 89' lang='lat' dir='ltr'><strong>olim</strong></span> <span class='ocrx_word' id='word_1_124' title='bbox 626 2551 828 2620; x_wconf 70' lang='lat' dir='ltr'><strong>cundoet.</strong></span> <span class='ocrx_word' id='word_1_125' title='bbox 854 2553 935 2641; x_wconf 81' lang='lat' dir='ltr'><strong>Reg.</strong></span> <span class='ocrx_word' id='word_1_126' title='bbox 953 2553 1059 2620; x_wconf 91' lang='grc'><strong>61567</strong></span> <span class='ocrx_word' id='word_1_127' title='bbox 1079 2554 1125 2638; x_wconf 88' lang='grc' dir='ltr'><strong>(Ρ</strong></span> <span class='ocrx_word' id='word_1_128' title='bbox 1137 2552 1200 2635; x_wconf 87' lang='grc'><strong>5.),</strong></span> 
     </span>
    </p>
   </div>
   <div class='ocr_carea' id='block_1_7' title="bbox 175 2654 1203 2926">
    <p class='ocr_par' dir='ltr' id='par_1_7' title="bbox 175 2654 1203 2926">
     <span class='ocr_line' id='line_1_18' title="bbox 176 2654 1199 2742; baseline -0.001 -22"><span class='ocrx_word' id='word_1_129' title='bbox 176 2656 444 2737; x_wconf 87' lang='lat' dir='ltr'><strong>membranaceus,</strong></span> <span class='ocrx_word' id='word_1_130' title='bbox 473 2660 571 2722; x_wconf 82' lang='lat' dir='ltr'><strong>forma</strong></span> <span class='ocrx_word' id='word_1_131' title='bbox 591 2659 755 2741; x_wconf 82' lang='lat' dir='ltr'><strong>quadrata,</strong></span> <span class='ocrx_word' id='word_1_132' title='bbox 778 2679 862 2723; x_wconf 88' lang='lat' dir='ltr'><strong>saec.</strong></span> <span class='ocrx_word' id='word_1_133' title='bbox 884 2654 935 2721; x_wconf 84' lang='lat' dir='ltr'><strong>xl</strong></span> <span class='ocrx_word' id='word_1_134' title='bbox 957 2658 1035 2722; x_wconf 85' lang='lat' dir='ltr'><strong>bene</strong></span> <span class='ocrx_word' id='word_1_135' title='bbox 1057 2658 1199 2742; x_wconf 87' lang='lat' dir='ltr'><strong>scriptus.</strong></span> 
     </span>
     <span class='ocr_line' id='line_1_19' title="bbox 175 2755 1203 2845; baseline 0 -23"><span class='ocrx_word' id='word_1_136' title='bbox 175 2755 340 2824; x_wconf 75' lang='lat' dir='ltr'><strong>Praecedit</strong></span> <span class='ocrx_word' id='word_1_137' title='bbox 354 2760 435 2838; x_wconf 85' lang='lat' dir='ltr'><strong>vita,</strong></span> <span class='ocrx_word' id='word_1_138' title='bbox 456 2760 608 2845; x_wconf 84' lang='lat' dir='ltr'><strong>adscripta</strong></span> <span class='ocrx_word' id='word_1_139' title='bbox 622 2771 694 2825; x_wconf 89' lang='lat' dir='ltr'><strong>sunt</strong></span> <span class='ocrx_word' id='word_1_140' title='bbox 707 2760 822 2825; x_wconf 88' lang='lat' dir='ltr'><strong>scholia</strong></span> <span class='ocrx_word' id='word_1_141' title='bbox 838 2761 876 2825; x_wconf 89' lang='lat' dir='ltr'><strong>ad</strong></span> <span class='ocrx_word' id='word_1_142' title='bbox 892 2758 1058 2844; x_wconf 75' lang='lat' dir='ltr'><strong>marginem</strong></span> <span class='ocrx_word' id='word_1_143' title='bbox 1074 2770 1106 2823; x_wconf 85' lang='lat' dir='ltr'><strong>et</strong></span> <span class='ocrx_word' id='word_1_144' title='bbox 1120 2761 1203 2824; x_wconf 85' lang='lat' dir='ltr'><strong>inter</strong></span> 
     </span>
     <span class='ocr_line' id='line_1_20' title="bbox 177 2861 289 2926; baseline -0.027 0"><span class='ocrx_word' id='word_1_145' title='bbox 177 2861 289 2926; x_wconf 87' lang='lat' dir='ltr'><strong>lineas.</strong></span> 
     </span>
    </p>
   </div>
   <div class='ocr_carea' id='block_1_8' title="bbox 95 2965 1203 3074">
    <p class='ocr_par' dir='ltr' id='par_1_8' title="bbox 95 2965 1203 3074">
     <span class='ocr_line' id='line_1_21' title="bbox 95 2965 1203 3074; baseline 0.008 -38"><span class='ocrx_word' id='word_1_146' title='bbox 95 2984 156 3038; x_wconf 78' lang='lat' dir='ltr'><strong>Po.</strong></span> <span class='ocrx_word' id='word_1_147' title='bbox 262 2978 340 3046; x_wconf 86' lang='lat' dir='ltr'><strong>Cod.</strong></span> <span class='ocrx_word' id='word_1_148' title='bbox 358 2979 439 3065; x_wconf 81' lang='lat' dir='ltr'><strong>ch.</strong></span> <span class='ocrx_word' id='word_1_149' title='bbox 456 2975 559 3059; x_wconf 88' lang='grc'><strong>8050,</strong></span> <span class='ocrx_word' id='word_1_150' title='bbox 583 2980 666 3065; x_wconf 81' lang='lat' dir='ltr'><strong>prins</strong></span> <span class='ocrx_word' id='word_1_151' title='bbox 682 2965 821 3062; x_wconf 68' lang='grc' dir='ltr'><strong>οἶοοῖοἷ,</strong></span> <span class='ocrx_word' id='word_1_152' title='bbox 845 2980 955 3074; x_wconf 86' lang='lat' dir='ltr'><strong>deinde</strong></span> <span class='ocrx_word' id='word_1_153' title='bbox 971 2976 1055 3045; x_wconf 90' lang='grc'><strong>1580</strong></span> <span class='ocrx_word' id='word_1_154' title='bbox 1070 2992 1101 3045; x_wconf 89' lang='lat' dir='ltr'><strong>et</strong></span> <span class='ocrx_word' id='word_1_155' title='bbox 1116 2978 1203 3046; x_wconf 89' lang='grc'><strong>5622</strong></span> 
     </span>
    </p>
   </div>
   <div class='ocr_carea' id='block_1_9' title="bbox 173 3080 1205 4185">
    <p class='ocr_par' dir='ltr' id='par_1_9' title="bbox 173 3080 1205 4185">
     <span class='ocr_line' id='line_1_22' title="bbox 178 3080 1198 3166; baseline -0.001 -21"><span class='ocrx_word' id='word_1_156' title='bbox 178 3081 224 3165; x_wconf 84' lang='lat' dir='ltr'><strong>(P</strong></span> <span class='ocrx_word' id='word_1_157' title='bbox 234 3080 305 3165; x_wconf 91' lang='grc'><strong>6.),</strong></span> <span class='ocrx_word' id='word_1_158' title='bbox 330 3085 426 3146; x_wconf 79' lang='lat' dir='ltr'><strong>forma</strong></span> <span class='ocrx_word' id='word_1_159' title='bbox 441 3104 568 3166; x_wconf 83' lang='lat' dir='ltr'><strong>magna,</strong></span> <span class='ocrx_word' id='word_1_160' title='bbox 591 3081 861 3163; x_wconf 84' lang='lat' dir='ltr'><strong>membranaceus,</strong></span> <span class='ocrx_word' id='word_1_161' title='bbox 885 3095 1028 3149; x_wconf 86' lang='lat' dir='ltr'><strong>constans</strong></span> <span class='ocrx_word' id='word_1_162' title='bbox 1049 3083 1128 3146; x_wconf 86' lang='lat' dir='ltr'><strong>loliis</strong></span> <span class='ocrx_word' id='word_1_163' title='bbox 1145 3080 1198 3146; x_wconf 90' lang='grc'><strong>18.</strong></span> 
     </span>
     <span class='ocr_line' id='line_1_23' title="bbox 177 3181 1200 3270; baseline -0.001 -21"><span class='ocrx_word' id='word_1_164' title='bbox 177 3181 324 3250; x_wconf 84' lang='lat' dir='ltr'><strong>Continet</strong></span> <span class='ocrx_word' id='word_1_165' title='bbox 344 3184 445 3251; x_wconf 87' lang='lat' dir='ltr'><strong>Persii</strong></span> <span class='ocrx_word' id='word_1_166' title='bbox 467 3186 578 3250; x_wconf 86' lang='lat' dir='ltr'><strong>satiras</strong></span> <span class='ocrx_word' id='word_1_167' title='bbox 601 3206 667 3249; x_wconf 91' lang='lat' dir='ltr'><strong>cnm</strong></span> <span class='ocrx_word' id='word_1_168' title='bbox 691 3185 813 3250; x_wconf 84' lang='lat' dir='ltr'><strong>scholiis</strong></span> <span class='ocrx_word' id='word_1_169' title='bbox 843 3185 986 3251; x_wconf 84' lang='lat' dir='ltr'><strong>brevibus</strong></span> <span class='ocrx_word' id='word_1_170' title='bbox 1015 3194 1047 3250; x_wconf 87' lang='lat' dir='ltr'><strong>et</strong></span> <span class='ocrx_word' id='word_1_171' title='bbox 1076 3185 1200 3270; x_wconf 82' lang='lat' dir='ltr'><strong>glossis.</strong></span> 
     </span>
     <span class='ocr_line' id='line_1_24' title="bbox 176 3282 1200 3372; baseline -0.002 -22"><span class='ocrx_word' id='word_1_172' title='bbox 176 3282 212 3350; x_wconf 94' lang='lat' dir='ltr'><strong>ln</strong></span> <span class='ocrx_word' id='word_1_173' title='bbox 228 3289 286 3351; x_wconf 81' lang='lat' dir='ltr'><strong>line</strong></span> <span class='ocrx_word' id='word_1_174' title='bbox 301 3288 446 3372; x_wconf 86' lang='lat' dir='ltr'><strong>scriptum</strong></span> <span class='ocrx_word' id='word_1_175' title='bbox 462 3298 527 3353; x_wconf 86' lang='lat' dir='ltr'><strong>est:</strong></span> <span class='ocrx_word' id='word_1_176' title='bbox 551 3287 702 3370; x_wconf 70' lang='lat' dir='ltr'><strong>Explicit</strong></span> <span class='ocrx_word' id='word_1_177' title='bbox 721 3284 803 3351; x_wconf 82' lang='lat' dir='ltr'><strong>liber</strong></span> <span class='ocrx_word' id='word_1_178' title='bbox 821 3288 929 3352; x_wconf 81' lang='lat' dir='ltr'><strong>Persii</strong></span> <span class='ocrx_word' id='word_1_179' title='bbox 939 3285 1074 3352; x_wconf 79' lang='lat' dir='ltr'><strong>Etrusci</strong></span> <span class='ocrx_word' id='word_1_180' title='bbox 1085 3284 1200 3372; x_wconf 65' lang='lat' dir='ltr'><strong>satiri!</strong></span> 
     </span>
     <span class='ocr_line' id='line_1_25' title="bbox 177 3386 1201 3474; baseline 0 -22"><span class='ocrx_word' id='word_1_181' title='bbox 177 3388 307 3453; x_wconf 80' lang='lat' dir='ltr'><strong>domium</strong></span> <span class='ocrx_word' id='word_1_182' title='bbox 331 3389 411 3453; x_wconf 83' lang='lat' dir='ltr'><strong>libro</strong></span> <span class='ocrx_word' id='word_1_183' title='bbox 435 3390 561 3474; x_wconf 71' lang='lat' dir='ltr'><strong>expleto</strong></span> <span class='ocrx_word' id='word_1_184' title='bbox 584 3386 708 3474; x_wconf 58' lang='lat' dir='ltr'><strong>Filium</strong></span> <span class='ocrx_word' id='word_1_185' title='bbox 732 3388 909 3474; x_wconf 81' lang='lat' dir='ltr'><strong>providete.</strong></span> <span class='ocrx_word' id='word_1_186' title='bbox 930 3388 936 3472; x_wconf 99' lang='grc' dir='ltr'>Ι</span> <span class='ocrx_word' id='word_1_187' title='bbox 955 3387 1017 3452; x_wconf 81' lang='lat' dir='ltr'><strong>Est</strong></span> <span class='ocrx_word' id='word_1_188' title='bbox 1031 3387 1104 3471; x_wconf 79' lang='lat' dir='ltr'><strong>filii</strong></span> <span class='ocrx_word' id='word_1_189' title='bbox 1129 3389 1201 3452; x_wconf 84' lang='lat' dir='ltr'><strong>olim</strong></span> 
     </span>
     <span class='ocr_line' id='line_1_26' title="bbox 177 3488 1201 3576; baseline -0.001 -23"><span class='ocrx_word' id='word_1_190' title='bbox 177 3490 277 3566; x_wconf 78' lang='lat' dir='ltr'><strong>clari,</strong></span> <span class='ocrx_word' id='word_1_191' title='bbox 302 3499 350 3554; x_wconf 87' lang='lat' dir='ltr'><strong>est</strong></span> <span class='ocrx_word' id='word_1_192' title='bbox 360 3491 465 3576; x_wconf 64' lang='lat' dir='ltr'><strong>putres</strong></span> <span class='ocrx_word' id='word_1_193' title='bbox 480 3493 542 3554; x_wconf 85' lang='lat' dir='ltr'><strong>ium</strong></span> <span class='ocrx_word' id='word_1_194' title='bbox 557 3491 646 3553; x_wconf 80' lang='lat' dir='ltr'><strong>clari.</strong></span> <span class='ocrx_word' id='word_1_195' title='bbox 666 3490 672 3576; x_wconf 99' lang='grc' dir='ltr'>Ι</span> <span class='ocrx_word' id='word_1_196' title='bbox 694 3489 736 3554; x_wconf 85' lang='lat' dir='ltr'><strong>Ut</strong></span> <span class='ocrx_word' id='word_1_197' title='bbox 755 3489 794 3554; x_wconf 86' lang='lat' dir='ltr'><strong>ub</strong></span> <span class='ocrx_word' id='word_1_198' title='bbox 810 3491 895 3553; x_wconf 83' lang='lat' dir='ltr'><strong>omni</strong></span> <span class='ocrx_word' id='word_1_199' title='bbox 906 3488 998 3573; x_wconf 85' lang='lat' dir='ltr'><strong>culpo</strong></span> <span class='ocrx_word' id='word_1_200' title='bbox 1013 3491 1126 3574; x_wconf 72' lang='lat' dir='ltr'><strong>expies·</strong></span> <span class='ocrx_word' id='word_1_201' title='bbox 1140 3510 1201 3573; x_wconf 83' lang='lat' dir='ltr'><strong>ego</strong></span> 
     </span>
     <span class='ocr_line' id='line_1_27' title="bbox 175 3589 1205 3677; baseline -0.001 -22"><span class='ocrx_word' id='word_1_202' title='bbox 175 3593 333 3677; x_wconf 62' lang='lat' dir='ltr'><strong>acrcptor,</strong></span> <span class='ocrx_word' id='word_1_203' title='bbox 355 3594 435 3655; x_wconf 87' lang='lat' dir='ltr'><strong>scito</strong></span> <span class='ocrx_word' id='word_1_204' title='bbox 449 3614 498 3656; x_wconf 88' lang='lat' dir='ltr'><strong>me</strong></span> <span class='ocrx_word' id='word_1_205' title='bbox 511 3594 695 3677; x_wconf 62' lang='lat' dir='ltr'><strong>scriptorem</strong></span> <span class='ocrx_word' id='word_1_206' title='bbox 701 3592 813 3677; x_wconf 58' lang='lat' dir='ltr'><strong>fuisse</strong></span> <span class='ocrx_word' id='word_1_207' title='bbox 828 3589 866 3655; x_wconf 87' lang='lat' dir='ltr'><strong>od</strong></span> <span class='ocrx_word' id='word_1_208' title='bbox 876 3611 970 3675; x_wconf 82' lang='lat' dir='ltr'><strong>posse</strong></span> <span class='ocrx_word' id='word_1_209' title='bbox 983 3611 1093 3653; x_wconf 75' lang='lat' dir='ltr'><strong>meacm.</strong></span> <span class='ocrx_word' id='word_1_210' title='bbox 1115 3589 1120 3673; x_wconf 96' lang='grc' dir='ltr'>Ι</span> <span class='ocrx_word' id='word_1_211' title='bbox 1139 3589 1205 3654; x_wconf 85' lang='lat' dir='ltr'><strong>Sed</strong></span> 
     </span>
     <span class='ocr_line' id='line_1_28' title="bbox 177 3693 1203 3780; baseline -0.001 -23"><span class='ocrx_word' id='word_1_212' title='bbox 177 3695 252 3780; x_wconf 70' lang='lat' dir='ltr'><strong>qumis</strong></span> <span class='ocrx_word' id='word_1_213' title='bbox 266 3715 327 3757; x_wconf 82' lang='lat' dir='ltr'><strong>uon</strong></span> <span class='ocrx_word' id='word_1_214' title='bbox 337 3714 443 3777; x_wconf 82' lang='lat' dir='ltr'><strong>pauco</strong></span> <span class='ocrx_word' id='word_1_215' title='bbox 465 3693 622 3778; x_wconf 79' lang='lat' dir='ltr'><strong>dificulter</strong></span> <span class='ocrx_word' id='word_1_216' title='bbox 642 3714 689 3756; x_wconf 86' lang='lat' dir='ltr'><strong>mo</strong></span> <span class='ocrx_word' id='word_1_217' title='bbox 709 3693 898 3779; x_wconf 82' lang='lat' dir='ltr'><strong>superabat,</strong></span> <span class='ocrx_word' id='word_1_218' title='bbox 922 3693 1134 3778; x_wconf 78' lang='lat' dir='ltr'><strong>quampluries</strong></span> <span class='ocrx_word' id='word_1_219' title='bbox 1154 3714 1203 3756; x_wconf 85' lang='lat' dir='ltr'><strong>me</strong></span> 
     </span>
     <span class='ocr_line' id='line_1_29' title="bbox 173 3792 1204 3882; baseline 0 -24"><span class='ocrx_word' id='word_1_220' title='bbox 173 3797 324 3880; x_wconf 79' lang='lat' dir='ltr'><strong>pictorem</strong></span> <span class='ocrx_word' id='word_1_221' title='bbox 343 3794 453 3879; x_wconf 73' lang='lat' dir='ltr'><strong>fuisso</strong></span> <span class='ocrx_word' id='word_1_222' title='bbox 473 3794 654 3879; x_wconf 71' lang='lat' dir='ltr'><strong>mnuisaesto.</strong></span> <span class='ocrx_word' id='word_1_223' title='bbox 681 3792 688 3882; x_wconf 95' lang='grc' dir='ltr'>Ι</span> <span class='ocrx_word' id='word_1_224' title='bbox 715 3795 758 3860; x_wconf 78' lang='lat' dir='ltr'><strong>lu</strong></span> <span class='ocrx_word' id='word_1_225' title='bbox 776 3795 876 3859; x_wconf 82' lang='lat' dir='ltr'><strong>dabui</strong></span> <span class='ocrx_word' id='word_1_226' title='bbox 895 3815 916 3859; x_wconf 83' lang='lat' dir='ltr'><strong>a</strong></span> <span class='ocrx_word' id='word_1_227' title='bbox 936 3795 1069 3880; x_wconf 87' lang='lat' dir='ltr'><strong>quodum</strong></span> <span class='ocrx_word' id='word_1_228' title='bbox 1094 3841 1102 3857; x_wconf 93' lang='lat'><strong>.</strong></span> <span class='ocrx_word' id='word_1_229' title='bbox 1130 3804 1204 3858; x_wconf 88' lang='lat' dir='ltr'><strong>tuus</strong></span> 
     </span>
     <span class='ocr_line' id='line_1_30' title="bbox 176 3894 1202 3982; baseline -0.003 -21"><span class='ocrx_word' id='word_1_230' title='bbox 176 3896 328 3962; x_wconf 82' lang='lat' dir='ltr'><strong>Andreas</strong></span> <span class='ocrx_word' id='word_1_231' title='bbox 346 3898 352 3982; x_wconf 96' lang='grc' dir='ltr'>Ι</span> <span class='ocrx_word' id='word_1_232' title='bbox 370 3896 620 3963; x_wconf 83' lang='lat' dir='ltr'><strong>Francesclu’uus</strong></span> <span class='ocrx_word' id='word_1_233' title='bbox 634 3896 673 3961; x_wconf 83' lang='lat' dir='ltr'><strong>de</strong></span> <span class='ocrx_word' id='word_1_234' title='bbox 693 3897 819 3963; x_wconf 82' lang='lat' dir='ltr'><strong>Aldicr‘s</strong></span> <span class='ocrx_word' id='word_1_235' title='bbox 832 3896 927 3960; x_wconf 83' lang='lat' dir='ltr'><strong>dubet</strong></span> <span class='ocrx_word' id='word_1_236' title='bbox 946 3897 1080 3982; x_wconf 82' lang='lat' dir='ltr'><strong>aliquem</strong></span> <span class='ocrx_word' id='word_1_237' title='bbox 1100 3894 1105 3981; x_wconf 87' lang='grc' dir='ltr'>Ι</span> <span class='ocrx_word' id='word_1_238' title='bbox 1124 3896 1202 3960; x_wconf 84' lang='lat' dir='ltr'><strong>Per·</strong></span> 
     </span>
     <span class='ocr_line' id='line_1_31' title="bbox 176 3995 1202 4085; baseline 0.002 -24"><span class='ocrx_word' id='word_1_239' title='bbox 176 3999 256 4061; x_wconf 85' lang='lat' dir='ltr'><strong>sium</strong></span> <span class='ocrx_word' id='word_1_240' title='bbox 278 4007 310 4061; x_wconf 87' lang='lat' dir='ltr'><strong>et</strong></span> <span class='ocrx_word' id='word_1_241' title='bbox 329 3998 398 4062; x_wconf 89' lang='lat' dir='ltr'><strong>ideo</strong></span> <span class='ocrx_word' id='word_1_242' title='bbox 420 4000 452 4062; x_wconf 87' lang='lat' dir='ltr'><strong>si</strong></span> <span class='ocrx_word' id='word_1_243' title='bbox 470 3999 647 4083; x_wconf 79' lang='lat' dir='ltr'><strong>mmdigcres</strong></span> <span class='ocrx_word' id='word_1_244' title='bbox 666 3997 671 4085; x_wconf 98' lang='grc' dir='ltr'>Ι</span> <span class='ocrx_word' id='word_1_245' title='bbox 690 4001 790 4085; x_wconf 57' lang='lat' dir='ltr'><strong>usum</strong></span> <span class='ocrx_word' id='word_1_246' title='bbox 805 4007 881 4084; x_wconf 80' lang='lat' dir='ltr'><strong>pete</strong></span> <span class='ocrx_word' id='word_1_247' title='bbox 900 3998 945 4063; x_wconf 84' lang='lat' dir='ltr'><strong>ad</strong></span> <span class='ocrx_word' id='word_1_248' title='bbox 957 3995 1179 4084; x_wconf 77' lang='lat' dir='ltr'><strong>corrigendum</strong></span> <span class='ocrx_word' id='word_1_249' title='bbox 1196 3998 1202 4082; x_wconf 97' lang='grc' dir='ltr'>Ι</span> 
     </span>
     <span class='ocr_line' id='line_1_32' title="bbox 178 4097 705 4185; baseline 0.006 -23"><span class='ocrx_word' id='word_1_250' title='bbox 178 4097 262 4163; x_wconf 85' lang='grc'><strong>1321</strong></span> <span class='ocrx_word' id='word_1_251' title='bbox 278 4103 391 4164; x_wconf 64' lang='lat' dir='ltr'><strong>manui</strong></span> <span class='ocrx_word' id='word_1_252' title='bbox 404 4103 533 4185; x_wconf 83' lang='lat' dir='ltr'><strong>septimi</strong></span> <span class='ocrx_word' id='word_1_253' title='bbox 544 4100 583 4166; x_wconf 84' lang='lat' dir='ltr'><strong>ab</strong></span> <span class='ocrx_word' id='word_1_254' title='bbox 598 4100 705 4166; x_wconf 81' lang='lat' dir='ltr'><strong>imdrc.</strong></span> 
     </span>
    </p>
   </div>
   <div class='ocr_carea' id='block_1_10' title="bbox 95 4214 1202 4507">
    <p class='ocr_par' dir='ltr' id='par_1_10' title="bbox 95 4214 1202 4507">
     <span class='ocr_line' id='line_1_33' title="bbox 95 4214 1199 4303; baseline -0.001 -19"><span class='ocrx_word' id='word_1_255' title='bbox 95 4242 120 4294; x_wconf 69' lang='grc' dir='ltr'><strong>ιι</strong></span> <span class='ocrx_word' id='word_1_256' title='bbox 134 4240 160 4295; x_wconf 74' lang='lat'><strong>⁷.</strong></span> <span class='ocrx_word' id='word_1_257' title='bbox 265 4214 342 4282; x_wconf 85' lang='lat' dir='ltr'><strong>Cod.</strong></span> <span class='ocrx_word' id='word_1_258' title='bbox 360 4217 444 4283; x_wconf 89' lang='grc'><strong>8055</strong></span> <span class='ocrx_word' id='word_1_259' title='bbox 460 4220 576 4303; x_wconf 85' lang='grc' dir='ltr'>ΙΡ7.),</span> <span class='ocrx_word' id='word_1_260' title='bbox 594 4221 863 4300; x_wconf 87' lang='lat' dir='ltr'><strong>membranaceus,</strong></span> <span class='ocrx_word' id='word_1_261' title='bbox 880 4220 946 4283; x_wconf 85' lang='lat' dir='ltr'><strong>loll.</strong></span> <span class='ocrx_word' id='word_1_262' title='bbox 962 4215 1026 4283; x_wconf 89' lang='grc'><strong>218</strong></span> <span class='ocrx_word' id='word_1_263' title='bbox 1042 4229 1199 4295; x_wconf 87' lang='lat' dir='ltr'><strong>constans,</strong></span> 
     </span>
     <span class='ocr_line' id='line_1_34' title="bbox 176 4318 1202 4402; baseline -0.002 -17"><span class='ocrx_word' id='word_1_264' title='bbox 176 4340 261 4386; x_wconf 82' lang='lat' dir='ltr'><strong>saec.</strong></span> <span class='ocrx_word' id='word_1_265' title='bbox 278 4318 344 4399; x_wconf 85' lang='lat' dir='ltr'><strong>xl,</strong></span> <span class='ocrx_word' id='word_1_266' title='bbox 369 4321 506 4386; x_wconf 86' lang='lat' dir='ltr'><strong>continet</strong></span> <span class='ocrx_word' id='word_1_267' title='bbox 531 4321 656 4388; x_wconf 87' lang='lat' dir='ltr'><strong>Statii</strong></span> <span class='ocrx_word' id='word_1_268' title='bbox 679 4322 857 4402; x_wconf 76' lang='lat' dir='ltr'><strong>Thebaida,</strong></span> <span class='ocrx_word' id='word_1_269' title='bbox 883 4319 1061 4386; x_wconf 90' lang='lat' dir='ltr'><strong>Persium</strong></span> <span class='ocrx_word' id='word_1_270' title='bbox 1083 4333 1114 4385; x_wconf 88' lang='lat' dir='ltr'><strong>et</strong></span> <span class='ocrx_word' id='word_1_271' title='bbox 1137 4318 1202 4387; x_wconf 82' lang='lat' dir='ltr'><strong>Se-</strong></span> 
     </span>
     <span class='ocr_line' id='line_1_35' title="bbox 177 4423 509 4507; baseline 0 -21"><span class='ocrx_word' id='word_1_272' title='bbox 177 4442 301 4488; x_wconf 81' lang='lat' dir='ltr'><strong>necae</strong></span> <span class='ocrx_word' id='word_1_273' title='bbox 322 4423 509 4507; x_wconf 75' lang='lat' dir='ltr'><strong>tragoedias.</strong></span> 
     </span>
    </p>
   </div>
   <div class='ocr_carea' id='block_1_11' title="bbox 0 0 1297 5054">
    <p class='ocr_par' dir='ltr' id='par_1_11' title="bbox 0 0 1297 5054">
     <span class='ocr_line' id='line_1_36' title="bbox 0 0 1297 5054; baseline 0 0"><span class='ocrx_word' id='word_1_274' title='bbox 0 0 1297 5054; x_wconf 95' lang='lat' dir='ltr'><strong> </strong></span> 
     </span>
    </p>
   </div>
  </div>
 </body>
</html>
