2574 5054
374 786 505 849 scunt,
521 788 573 849 Al)
593 787 677 848 SAT.
693 788 730 861 V,
746 791 835 850 52-
846 791 897 851 58.
1085 785 1149 854 ³2⁷

131 961 279 1020 effectore.
307 959 411 1020 Aliter.
441 958 478 1019 Ut
496 960 594 1020 vnriw
617 960 726 1037 ligurne
748 959 905 1030 hominum,
928 971 958 1020 et
978 978 1072 1020 rerum
1093 979 1149 1019 non

131 1066 202 1105 unus
232 1066 316 1118 usus,
345 1046 385 1103 ita
406 1045 503 1106 verino
531 1065 641 1125 quoquo
671 1045 847 1116 voluototes,
875 1065 930 1104 nec
954 1042 1028 1104 idem
1051 1063 1149 1104 omnes

131 1142 275 1209 appetunt.
361 1131 404 1190 Εἰ
421 1149 522 1190 rerum
545 1131 675 1189 detector
695 1150 776 1190 urus.
805 1130 901 1190 Variis
924 1130 1033 1191 notibus
1049 1132 1077 1190 in
1092 1131 1150 1191 vita

131 1226 259 1276 utuntur.

216 1306 269 1364 53.
295 1302 378 1360 Velle
393 1320 476 1360 cuum
491 1301 596 1378 eue'qm
611 1310 666 1359 ert.
699 1300 765 1359 *Et
786 1300 975 1379 Virgilius
995 1307 1021 1360 ¹:

262 1388 397 1447 Trahit
415 1404 484 1445 run
508 1405 690 1464 quemque
712 1388 932 1465 volupttem*

217 1477 268 1534 51.
290 1472 353 1532 Sub
379 1472 443 1531 sole
469 1470 598 1541 receuti,
630 1471 682 1530 sub
709 1473 827 1548 regione
854 1471 959 1531 orienti
984 1472 1095 1541 vicine,
1121 1482 1151 1531 et

130 1560 256 1628 receuti,
278 1556 543 1636 nonduml'ntignto.
573 1554 613 1614 Et
631 1556 713 1617 'est
738 1556 798 1615 uic
819 1575 952 1616 sensus
974 1556 1017 1616 nlr
1038 1556 1151 1617 Horu·

131 1646 182 1703 tio
201 1649 395 1703 ²trnctus=

260 1730 330 1787 Hic
351 1737 473 1788 mutat
492 1744 642 1786 merces
662 1737 848 1804 surgente
871 1746 889 1786 a
910 1728 1025 1786 sole*

132 1815 170 1874 lit
183 1814 237 1874 hoc
253 1811 338 1874 dieite
363 1813 442 1872 lluuc
463 1809 608 1871 delectent
627 1814 870 1872 mercimoniorum
886 1811 981 1884 lueru,
1003 1809 1067 1871 dum
1082 1813 1152 1872 nlius

132 1919 242 1959 merces
258 1899 294 1958 nb
309 1899 353 1958 luis
368 1896 509 1958 mercibus
524 1906 623 1956 mutet.

218 1989 269 2046 55.
291 1986 438 2063 Rugosum
449 1983 557 2062 piper,
574 1980 748 2053 benedixit,
770 1982 914 2060 epitheton
931 1982 1017 2058 ipsius
1034 1989 1087 2038 est.

133 2072 173 2130 Et
184 2070 328 2148 pallentis
341 2087 442 2147 penu
461 2068 589 2143 rumori,
613 2069 677 2149 quin
699 2069 782 2127 etium
805 2067 860 2127 hoe
875 2065 1005 2146 pellicium
1021 2074 1083 2136 est,
1107 2067 1152 2125 rel

133 2157 216 2235 quin,
239 2152 328 2235 quiid
345 2153 458 2223 bibunt,
479 2151 588 2232 pollere
604 2153 731 2223 soleant,
753 2164 802 2211 sut
824 2150 897 2232 quod
919 2149 1039 2229 pnllilos
1055 2151 1152 2221 iaciat,

132 2262 187 2298 uon
204 2238 278 2320 quod
293 2239 408 2318 pellent.
434 2237 489 2297 Est
510 2237 584 2297 cuim
599 2238 770 2297 eontrarium
786 2236 932 2314 sanguini,
955 2256 1010 2317 quo
1032 2245 1152 2314 eccepto

134 2323 256 2383 tabescit
270 2325 403 2400 sanguin,
419 2333 450 2383 ct
463 2322 589 2381 uescitur
603 2322 706 2402 pallor.
737 2319 815 2381 Unde
831 2321 964 2379 Horatius
974 2324 1003 2378 ³:

763 2407 848 2482 Quod
860 2406 891 2466 ri

260 2492 408 2551 Pallet-em
423 2511 515 2562 casu,
539 2491 673 2553 tuerent
685 2511 823 2570 exangue
837 2491 994 2550 cuminum.

219 2580 270 2639 56.
292 2578 347 2637 Hic
360 2586 448 2637 satur
467 2576 584 2653 irriguo
606 2578 720 2635 mauult
739 2585 929 2654 turgescere,
952 2575 1153 2655 pinguescere,

134 2663 199 2743 quin
221 2663 364 2740 pleniores
387 2673 453 2721 suunt
473 2680 565 2722 venue
588 2662 614 2719 in
638 2681 752 2730 somno,
783 2671 814 2721 et
842 2680 946 2738 corpus
970 2678 1006 2719 eo
1029 2660 1151 2719 iullatur.

132 2749 224 2809 Alium
240 2746 308 2807 dicit
322 2767 419 2807 somno
434 2766 550 2826 operum
565 2744 644 2805 dure.
722 2747 819 2806 Satur
833 2766 922 2824 ergo,
942 2745 1006 2803 cibo
1021 2745 1131 2823 plenus.

133 2835 256 2912 Irrr'guo
265 2876 276 2904 ,
300 2852 352 2905 eo,
376 2830 451 2912 quod
472 2852 586 2892 somnus
602 2850 723 2911 corpore
743 2833 858 2910 irrigat,
881 2842 912 2890 ut
925 2828 1062 2908 Virgilius
1075 2834 1090 2871 ⁴
1103 2831 1153 2902 uit,

134 2939 233 2978 somno
249 2918 362 2995 irrigari
378 2937 509 2995 corpora.

219 3007 270 3065 57.
291 3004 347 3061 Hic
361 3022 463 3082 cumpo
477 3002 612 3080 indulget
619 3045 631 3074 ‚
654 3014 703 3061 aut
716 3021 815 3081 campo
830 2999 950 3072 Martio,
971 3020 1023 3078 pro
1038 3000 1153 3058 honori·

133 3089 186 3149 bus
209 3087 393 3167 appetendis,
423 3097 471 3147 sut
498 3097 578 3148 certe
607 3106 706 3166 cumpo
734 3086 940 3166 agriculturn03
968 3085 1014 3146 vel
1044 3104 1154 3165 campo,

135 3172 244 3233 lusibus
264 3184 294 3233 et
315 3172 567 3233 exercitntionibus
589 3184 690 3244 ruent,
713 3174 759 3231 vel
775 3173 901 3231 militine.
986 3173 1072 3230 Hunc
1086 3170 1155 3230 ulcu

134 3260 279 3337 decoquit.
305 3258 400 3316 Alium
416 3256 535 3317 studium
552 3257 634 3317 eleae
649 3257 820 3328 lnbeluctut,
841 3267 873 3316 et
893 3275 925 3316 rc
942 3256 1074 3315 familiari
1089 3275 1155 3335 spo·

135 3346 234 3405 lintur:
256 3341 330 3403 undo
352 3344 521 3404 decoctorer
534 3362 629 3411 rerum
645 3362 758 3403 sumum
773 3340 937 3402 venditores
952 3340 1069 3402 elicimus
1084 3341 1155 3400 elio-

134 3451 172 3491 uo
188 3449 257 3489 nere
272 3440 405 3506 cogente.

221 3519 273 3578 58.
295 3515 349 3573 Ille
364 3516 395 3573 t'n
412 3515 555 3572 Venerem
564 3514 678 3592 putrui.
706 3510 791 3572 Alter
810 3510 925 3573 assiduo
941 3513 1015 3572 coitu
1031 3511 1155 3583 enervis,

134 3602 259 3661 efficitur
272 3597 307 3658 nd
323 3599 499 3659 concubitum
514 3599 619 3658 inutilis
634 3610 665 3657 et
679 3598 788 3657 solutus
804 3609 834 3657 et
851 3595 1034 3669 libidinosus,
1050 3608 1079 3656 et
1094 3597 1156 3675 ipen

135 3691 192 3773 re⁵
206 3686 340 3745 infirmus.
362 3683 483 3762 Legitur
497 3695 543 3743 et:
565 3685 596 3743 iu
612 3685 754 3742 Venerem
768 3686 883 3764 putrit,
906 3681 934 3741 il
949 3693 994 3742 est
1009 3682 1156 3761 putrescit,

135 3772 291 3831 conficitur.
378 3771 518 3829 Sericum
534 3769 667 3848 lapidosa
684 3768 838 3847 chiragra.
863 3769 1042 3847 Lepidorum
1056 3769 1156 3827 cherc-

133 3876 222 3935 grum
237 3853 307 3915 licit
321 3856 501 3915 articulorum
515 3853 659 3926 moritum,
681 3851 710 3911 id
725 3865 771 3914 est
785 3853 910 3913 dolorem
927 3873 1071 3923 manuum,
1091 3853 1157 3933 quie

135 3942 357 4020 chiragricorum
373 3940 483 4001 nrticuli
499 3939 648 4000 tulscrculn
662 3938 785 4010 lnnbent,
807 3959 879 4019 quae
904 3937 1003 4017 lapidis
1025 3936 1155 3998 duritiem

137 4037 276 4088 exercent
297 4037 328 4087 et
348 4037 414 4086 sunt
433 4046 572 4085 rumorum
594 4026 657 4084 lere
684 4023 849 4084 tumidorum
865 4020 1044 4083 similitudine
1059 4042 1155 4102 peres.

134 4112 257 4192 Legitur
282 4122 329 4173 cl:
362 4112 552 4184 curvaverit,
581 4111 656 4170 sicut
684 4120 785 4171 ventus
814 4109 951 4183 arbores,
984 4110 1032 4169 vel
1059 4128 1157 4170 eurum

137 4266 150 4317 1
171 4264 246 4329 vli'ss·
265 4263 314 4315 00¹·
333 4261 366 4327 11,
385 4263 429 4315 65·
762 4262 780 4318 2
799 4261 860 4314 ΗΜ·
883 4267 934 4314 “in
952 4260 975 4330 ¹,
992 4262 1020 4327 ι,
1037 4261 1083 4320 2⁹0

136 4335 152 4386 3
171 4333 231 4383 llor.
252 4349 307 4399 epp.
327 4331 348 4393 1,
369 4332 411 4392 li,
431 4332 464 4386 17
477 4347 515 4398 sq.

137 4402 246 4464 lVirg.
267 4405 332 4452 Aen.
351 4398 372 4462 Ι,
391 4401 452 4457 102.
475 4399 518 4463 111,
538 4399 598 4454 511.

140 4473 155 4522 5
174 4470 238 4536 leg.
257 4485 358 4522 mern,
668 4494 672 4498 ·

454 4660 766 4764 A.
