<?xml version="1.0" encoding="UTF-8"?>
<!DOCTYPE html PUBLIC "-//W3C//DTD XHTML 1.0 Transitional//EN"
    "http://www.w3.org/TR/xhtml1/DTD/xhtml1-transitional.dtd">
<html xmlns="http://www.w3.org/1999/xhtml" xml:lang="en" lang="en">
 <head>
  <title>
</title>
<meta http-equiv="Content-Type" content="text/html;charset=utf-8" />
  <meta name='ocr-system' content='tesseract 3.04.00' />
  <meta name='ocr-capabilities' content='ocr_page ocr_carea ocr_par ocr_line ocrx_word'/>
</head>
<body>
  <div class='ocr_page' id='page_1' title='image "./satirarumliberc00jahngoog_0012.png"; bbox 0 0 2574 5054; ppageno 0'>
   <div class='ocr_carea' id='block_1_1' title="bbox 63 913 1101 4433">
    <p class='ocr_par' dir='ltr' id='par_1_1' title="bbox 63 913 1101 4433">
     <span class='ocr_line' id='line_1_1' title="bbox 63 913 1100 1003; baseline 0.004 -20"><span class='ocrx_word' id='word_1_1' title='bbox 63 917 278 1003; x_wconf 74' lang='lat' dir='ltr'><strong>apposuerim.</strong></span> <span class='ocrx_word' id='word_1_2' title='bbox 306 913 407 999; x_wconf 88' lang='lat' dir='ltr'><strong>Spero</strong></span> <span class='ocrx_word' id='word_1_3' title='bbox 430 926 553 994; x_wconf 87' lang='lat' dir='ltr'><strong>tamen,</strong></span> <span class='ocrx_word' id='word_1_4' title='bbox 576 914 626 980; x_wconf 88' lang='lat' dir='ltr'><strong>Te</strong></span> <span class='ocrx_word' id='word_1_5' title='bbox 647 914 728 979; x_wconf 90' lang='lat' dir='ltr'><strong>sicut</strong></span> <span class='ocrx_word' id='word_1_6' title='bbox 747 916 883 981; x_wconf 89' lang='lat' dir='ltr'><strong>rationes</strong></span> <span class='ocrx_word' id='word_1_7' title='bbox 904 939 922 980; x_wconf 89' lang='lat' dir='ltr'><strong>a</strong></span> <span class='ocrx_word' id='word_1_8' title='bbox 944 941 1044 985; x_wconf 81' lang='lat' dir='ltr'><strong>meaa</strong></span> <span class='ocrx_word' id='word_1_9' title='bbox 1061 926 1100 987; x_wconf 90' lang='lat' dir='ltr'><strong>dc</strong></span> 
     </span>
     <span class='ocr_line' id='line_1_2' title="bbox 65 1024 1097 1120; baseline 0.001 -17"><span class='ocrx_word' id='word_1_10' title='bbox 65 1056 104 1103; x_wconf 72' lang='grc' dir='ltr'><strong><em>η</em></strong></span> <span class='ocrx_word' id='word_1_11' title='bbox 131 1036 315 1120; x_wconf 80' lang='lat' dir='ltr'><strong>expositas,</strong></span> <span class='ocrx_word' id='word_1_12' title='bbox 343 1034 386 1097; x_wconf 88' lang='lat' dir='ltr'><strong>ita</strong></span> <span class='ocrx_word' id='word_1_13' title='bbox 405 1024 503 1113; x_wconf 84' lang='lat' dir='ltr'><strong>viam,</strong></span> <span class='ocrx_word' id='word_1_14' title='bbox 533 1052 620 1117; x_wconf 86' lang='lat' dir='ltr'><strong>quam</strong></span> <span class='ocrx_word' id='word_1_15' title='bbox 650 1034 680 1096; x_wconf 92' lang='lat' dir='ltr'><strong>in</strong></span> <span class='ocrx_word' id='word_1_16' title='bbox 704 1033 831 1098; x_wconf 80' lang='lat' dir='ltr'>edendis</span> <span class='ocrx_word' id='word_1_17' title='bbox 853 1036 976 1101; x_wconf 76' lang='lat' dir='ltr'><strong>scholiis</strong></span> <span class='ocrx_word' id='word_1_18' title='bbox 1001 1045 1097 1117; x_wconf 87' lang='lat' dir='ltr'><strong>tenui,</strong></span> 
     </span>
     <span class='ocr_line' id='line_1_3' title="bbox 68 1149 1100 1238; baseline 0.004 -20"><span class='ocrx_word' id='word_1_19' title='bbox 68 1176 135 1219; x_wconf 77' lang='lat' dir='ltr'><strong>noa</strong></span> <span class='ocrx_word' id='word_1_20' title='bbox 151 1154 244 1238; x_wconf 86' lang='lat' dir='ltr'><strong>plane</strong></span> <span class='ocrx_word' id='word_1_21' title='bbox 259 1151 494 1235; x_wconf 73' lang='lat' dir='ltr'><strong>improbaturum</strong></span> <span class='ocrx_word' id='word_1_22' title='bbox 510 1171 590 1215; x_wconf 87' lang='lat' dir='ltr'><strong>esse.</strong></span> <span class='ocrx_word' id='word_1_23' title='bbox 614 1149 694 1215; x_wconf 86' lang='lat' dir='ltr'><strong>lllim</strong></span> <span class='ocrx_word' id='word_1_24' title='bbox 709 1152 828 1233; x_wconf 89' lang='lat' dir='ltr'><strong>quidem</strong></span> <span class='ocrx_word' id='word_1_25' title='bbox 843 1154 875 1215; x_wconf 93' lang='lat' dir='ltr'><strong>in</strong></span> <span class='ocrx_word' id='word_1_26' title='bbox 891 1159 1100 1237; x_wconf 88' lang='lat' dir='ltr'><strong>componendo</strong></span> 
     </span>
     <span class='ocr_line' id='line_1_4' title="bbox 68 1269 1099 1357; baseline 0.004 -21"><span class='ocrx_word' id='word_1_27' title='bbox 68 1283 222 1357; x_wconf 86' lang='lat' dir='ltr'><strong>apparatu</strong></span> <span class='ocrx_word' id='word_1_28' title='bbox 237 1271 345 1335; x_wconf 84' lang='lat' dir='ltr'><strong>critico</strong></span> <span class='ocrx_word' id='word_1_29' title='bbox 360 1290 480 1353; x_wconf 85' lang='lat' dir='ltr'><strong>operam</strong></span> <span class='ocrx_word' id='word_1_30' title='bbox 497 1290 594 1333; x_wconf 87' lang='lat' dir='ltr'><strong>meam</strong></span> <span class='ocrx_word' id='word_1_31' title='bbox 609 1269 767 1333; x_wconf 89' lang='lat' dir='ltr'><strong>continere</strong></span> <span class='ocrx_word' id='word_1_32' title='bbox 782 1270 884 1347; x_wconf 91' lang='lat' dir='ltr'><strong>volui,</strong></span> <span class='ocrx_word' id='word_1_33' title='bbox 909 1293 981 1336; x_wconf 82' lang='lat' dir='ltr'><strong>mox</strong></span> <span class='ocrx_word' id='word_1_34' title='bbox 998 1285 1099 1340; x_wconf 89' lang='lat' dir='ltr'><strong>tamen</strong></span> 
     </span>
     <span class='ocr_line' id='line_1_5' title="bbox 69 1387 1099 1471; baseline 0.001 -16"><span class='ocrx_word' id='word_1_35' title='bbox 69 1389 235 1467; x_wconf 78' lang='lat' dir='ltr'><strong>intellexi,</strong></span> <span class='ocrx_word' id='word_1_36' title='bbox 258 1390 292 1452; x_wconf 91' lang='lat' dir='ltr'><strong>iu</strong></span> <span class='ocrx_word' id='word_1_37' title='bbox 312 1388 369 1451; x_wconf 91' lang='lat' dir='ltr'><strong>boc</strong></span> <span class='ocrx_word' id='word_1_38' title='bbox 389 1388 537 1470; x_wconf 76' lang='lat' dir='ltr'><strong>scriptore</strong></span> <span class='ocrx_word' id='word_1_39' title='bbox 557 1387 732 1471; x_wconf 77' lang='lat' dir='ltr'><strong>interpretis</strong></span> <span class='ocrx_word' id='word_1_40' title='bbox 747 1388 957 1470; x_wconf 83' lang='lat' dir='ltr'><strong>gravissimum</strong></span> <span class='ocrx_word' id='word_1_41' title='bbox 973 1393 1099 1456; x_wconf 88' lang='lat' dir='ltr'><strong>officinm</strong></span> 
     </span>
     <span class='ocr_line' id='line_1_6' title="bbox 71 1505 1098 1592; baseline 0.001 -19"><span class='ocrx_word' id='word_1_42' title='bbox 71 1528 164 1587; x_wconf 87' lang='lat' dir='ltr'><strong>esse,</strong></span> <span class='ocrx_word' id='word_1_43' title='bbox 186 1509 290 1590; x_wconf 86' lang='lat' dir='ltr'><strong>itaque</strong></span> <span class='ocrx_word' id='word_1_44' title='bbox 313 1507 559 1571; x_wconf 89' lang='lat' dir='ltr'><strong>commentarium</strong></span> <span class='ocrx_word' id='word_1_45' title='bbox 575 1505 758 1589; x_wconf 82' lang='lat' dir='ltr'><strong>conscripsi,</strong></span> <span class='ocrx_word' id='word_1_46' title='bbox 782 1507 813 1568; x_wconf 93' lang='lat' dir='ltr'><strong>in</strong></span> <span class='ocrx_word' id='word_1_47' title='bbox 829 1527 887 1588; x_wconf 93' lang='lat' dir='ltr'><strong>quo</strong></span> <span class='ocrx_word' id='word_1_48' title='bbox 903 1507 933 1570; x_wconf 96' lang='lat' dir='ltr'><strong>id</strong></span> <span class='ocrx_word' id='word_1_49' title='bbox 948 1508 1098 1592; x_wconf 84' lang='lat' dir='ltr'><strong>spectavi,</strong></span> 
     </span>
     <span class='ocr_line' id='line_1_7' title="bbox 70 1624 1099 1710; baseline 0 -19"><span class='ocrx_word' id='word_1_50' title='bbox 70 1638 107 1691; x_wconf 80' lang='lat' dir='ltr'><strong>at</strong></span> <span class='ocrx_word' id='word_1_51' title='bbox 121 1627 289 1710; x_wconf 75' lang='lat' dir='ltr'><strong>explicatio</strong></span> <span class='ocrx_word' id='word_1_52' title='bbox 305 1646 390 1708; x_wconf 90' lang='lat' dir='ltr'><strong>qnam</strong></span> <span class='ocrx_word' id='word_1_53' title='bbox 406 1625 578 1710; x_wconf 87' lang='lat' dir='ltr'><strong>plenissima</strong></span> <span class='ocrx_word' id='word_1_54' title='bbox 594 1625 634 1687; x_wconf 83' lang='lat' dir='ltr'><strong>sit</strong></span> <span class='ocrx_word' id='word_1_55' title='bbox 649 1634 680 1685; x_wconf 86' lang='lat' dir='ltr'><strong>et</strong></span> <span class='ocrx_word' id='word_1_56' title='bbox 695 1645 781 1707; x_wconf 91' lang='lat' dir='ltr'><strong>quam</strong></span> <span class='ocrx_word' id='word_1_57' title='bbox 802 1624 995 1690; x_wconf 86' lang='lat' dir='ltr'><strong>brevissima.</strong></span> <span class='ocrx_word' id='word_1_58' title='bbox 1024 1626 1099 1691; x_wconf 91' lang='lat' dir='ltr'><strong>Nun</strong></span> 
     </span>
     <span class='ocr_line' id='line_1_8' title="bbox 75 1741 1100 1829; baseline 0 -21"><span class='ocrx_word' id='word_1_59' title='bbox 75 1745 204 1829; x_wconf 82' lang='lat' dir='ltr'><strong>singulis</strong></span> <span class='ocrx_word' id='word_1_60' title='bbox 220 1744 312 1825; x_wconf 83' lang='lat' dir='ltr'><strong>igitur</strong></span> <span class='ocrx_word' id='word_1_61' title='bbox 325 1744 422 1819; x_wconf 91' lang='lat' dir='ltr'><strong>locis,</strong></span> <span class='ocrx_word' id='word_1_62' title='bbox 452 1742 563 1826; x_wconf 85' lang='lat' dir='ltr'><strong>siquid</strong></span> <span class='ocrx_word' id='word_1_63' title='bbox 581 1741 653 1805; x_wconf 86' lang='lat' dir='ltr'><strong>nori</strong></span> <span class='ocrx_word' id='word_1_64' title='bbox 669 1752 701 1805; x_wconf 89' lang='lat' dir='ltr'><strong>et</strong></span> <span class='ocrx_word' id='word_1_65' title='bbox 721 1742 825 1804; x_wconf 83' lang='lat' dir='ltr'><strong>eximii</strong></span> <span class='ocrx_word' id='word_1_66' title='bbox 847 1742 1008 1822; x_wconf 87' lang='lat' dir='ltr'><strong>haberem,</strong></span> <span class='ocrx_word' id='word_1_67' title='bbox 1031 1765 1100 1828; x_wconf 86' lang='lat' dir='ltr'><strong>pro-</strong></span> 
     </span>
     <span class='ocr_line' id='line_1_9' title="bbox 76 1859 1098 1946; baseline 0.001 -20"><span class='ocrx_word' id='word_1_68' title='bbox 76 1863 139 1926; x_wconf 75' lang='lat' dir='ltr'><strong>lixa</strong></span> <span class='ocrx_word' id='word_1_69' title='bbox 161 1861 365 1946; x_wconf 88' lang='lat' dir='ltr'><strong>disputatione</strong></span> <span class='ocrx_word' id='word_1_70' title='bbox 387 1861 560 1945; x_wconf 83' lang='lat' dir='ltr'><strong>expromsi,</strong></span> <span class='ocrx_word' id='word_1_71' title='bbox 589 1860 667 1943; x_wconf 91' lang='lat' dir='ltr'><strong>quod</strong></span> <span class='ocrx_word' id='word_1_72' title='bbox 698 1859 861 1924; x_wconf 73' lang='lat' dir='ltr'><strong>adnotandi</strong></span> <span class='ocrx_word' id='word_1_73' title='bbox 889 1883 987 1945; x_wconf 83' lang='lat' dir='ltr'><strong>genus</strong></span> <span class='ocrx_word' id='word_1_74' title='bbox 1010 1863 1098 1944; x_wconf 84' lang='lat' dir='ltr'><strong>viris,</strong></span> 
     </span>
     <span class='ocr_line' id='line_1_10' title="bbox 78 1976 1098 2064; baseline 0.003 -21"><span class='ocrx_word' id='word_1_75' title='bbox 78 1982 125 2064; x_wconf 89' lang='lat' dir='ltr'><strong>qni</strong></span> <span class='ocrx_word' id='word_1_76' title='bbox 139 1980 280 2044; x_wconf 86' lang='lat' dir='ltr'><strong>doctrina</strong></span> <span class='ocrx_word' id='word_1_77' title='bbox 296 1991 327 2043; x_wconf 87' lang='lat' dir='ltr'><strong>et</strong></span> <span class='ocrx_word' id='word_1_78' title='bbox 341 1979 463 2064; x_wconf 85' lang='lat' dir='ltr'><strong>ingenio</strong></span> <span class='ocrx_word' id='word_1_79' title='bbox 480 1976 653 2057; x_wconf 81' lang='lat' dir='ltr'><strong>excellent,</strong></span> <span class='ocrx_word' id='word_1_80' title='bbox 680 1978 909 2061; x_wconf 87' lang='lat' dir='ltr'><strong>relinquendum</strong></span> <span class='ocrx_word' id='word_1_81' title='bbox 925 1981 1019 2059; x_wconf 85' lang='lat' dir='ltr'><strong>duxi,</strong></span> <span class='ocrx_word' id='word_1_82' title='bbox 1043 1983 1098 2046; x_wconf 91' lang='lat' dir='ltr'><strong>sed</strong></span> 
     </span>
     <span class='ocr_line' id='line_1_11' title="bbox 79 2096 1099 2183; baseline 0.002 -21"><span class='ocrx_word' id='word_1_83' title='bbox 79 2099 275 2183; x_wconf 84' lang='lat' dir='ltr'><strong>quodcunque</strong></span> <span class='ocrx_word' id='word_1_84' title='bbox 296 2098 334 2163; x_wconf 85' lang='lat' dir='ltr'><strong>ad</strong></span> <span class='ocrx_word' id='word_1_85' title='bbox 356 2107 442 2162; x_wconf 87' lang='lat' dir='ltr'><strong>recte</strong></span> <span class='ocrx_word' id='word_1_86' title='bbox 464 2096 689 2179; x_wconf 79' lang='lat' dir='ltr'><strong>intelligendum</strong></span> <span class='ocrx_word' id='word_1_87' title='bbox 711 2108 829 2182; x_wconf 86' lang='lat' dir='ltr'><strong>poetam</strong></span> <span class='ocrx_word' id='word_1_88' title='bbox 851 2100 967 2163; x_wconf 82' lang='lat' dir='ltr'><strong>iaceret</strong></span> <span class='ocrx_word' id='word_1_89' title='bbox 987 2100 1099 2165; x_wconf 85' lang='lat' dir='ltr'><strong>afferre</strong></span> 
     </span>
     <span class='ocr_line' id='line_1_12' title="bbox 79 2215 1100 2297; baseline 0 -16"><span class='ocrx_word' id='word_1_90' title='bbox 79 2217 196 2291; x_wconf 85' lang='lat' dir='ltr'><strong>studui,</strong></span> <span class='ocrx_word' id='word_1_91' title='bbox 228 2218 270 2279; x_wconf 87' lang='lat' dir='ltr'><strong>ita</strong></span> <span class='ocrx_word' id='word_1_92' title='bbox 296 2226 331 2280; x_wconf 89' lang='lat' dir='ltr'><strong>ut</strong></span> <span class='ocrx_word' id='word_1_93' title='bbox 361 2236 400 2280; x_wconf 91' lang='lat' dir='ltr'><strong>ne</strong></span> <span class='ocrx_word' id='word_1_94' title='bbox 430 2215 556 2279; x_wconf 90' lang='lat' dir='ltr'><strong>minoris</strong></span> <span class='ocrx_word' id='word_1_95' title='bbox 581 2216 701 2297; x_wconf 90' lang='lat' dir='ltr'><strong>quidem</strong></span> <span class='ocrx_word' id='word_1_96' title='bbox 724 2218 867 2281; x_wconf 86' lang='lat' dir='ltr'><strong>momenti</strong></span> <span class='ocrx_word' id='word_1_97' title='bbox 890 2238 942 2281; x_wconf 85' lang='lat' dir='ltr'><strong>res</strong></span> <span class='ocrx_word' id='word_1_98' title='bbox 962 2217 1100 2283; x_wconf 83' lang='lat' dir='ltr'><strong>breviter</strong></span> 
     </span>
     <span class='ocr_line' id='line_1_13' title="bbox 80 2332 1098 2420; baseline 0 -22"><span class='ocrx_word' id='word_1_99' title='bbox 80 2335 283 2419; x_wconf 82' lang='lat' dir='ltr'><strong>perstringere</strong></span> <span class='ocrx_word' id='word_1_100' title='bbox 305 2334 485 2399; x_wconf 88' lang='lat' dir='ltr'><strong>omitterem.</strong></span> <span class='ocrx_word' id='word_1_101' title='bbox 516 2332 745 2399; x_wconf 82' lang='lat' dir='ltr'><strong>Sententiarum</strong></span> <span class='ocrx_word' id='word_1_102' title='bbox 766 2336 858 2418; x_wconf 83' lang='lat' dir='ltr'><strong>igitur</strong></span> <span class='ocrx_word' id='word_1_103' title='bbox 873 2357 985 2400; x_wconf 75' lang='lat' dir='ltr'><strong>nexum</strong></span> <span class='ocrx_word' id='word_1_104' title='bbox 1002 2337 1098 2420; x_wconf 85' lang='lat' dir='ltr'><strong>expli-</strong></span> 
     </span>
     <span class='ocr_line' id='line_1_14' title="bbox 81 2452 1099 2537; baseline 0.001 -21"><span class='ocrx_word' id='word_1_105' title='bbox 81 2474 168 2531; x_wconf 85' lang='lat' dir='ltr'><strong>care,</strong></span> <span class='ocrx_word' id='word_1_106' title='bbox 198 2464 231 2516; x_wconf 87' lang='lat' dir='ltr'><strong>et</strong></span> <span class='ocrx_word' id='word_1_107' title='bbox 259 2472 360 2517; x_wconf 91' lang='lat' dir='ltr'><strong>rerum</strong></span> <span class='ocrx_word' id='word_1_108' title='bbox 389 2463 480 2537; x_wconf 87' lang='lat' dir='ltr'><strong>atque</strong></span> <span class='ocrx_word' id='word_1_109' title='bbox 509 2452 671 2518; x_wconf 89' lang='lat' dir='ltr'><strong>verborum</strong></span> <span class='ocrx_word' id='word_1_110' title='bbox 701 2453 916 2518; x_wconf 76' lang='lat' dir='ltr'><strong>obscuritatem</strong></span> <span class='ocrx_word' id='word_1_111' title='bbox 946 2452 1099 2517; x_wconf 85' lang='lat' dir='ltr'><strong>illustrare</strong></span> 
     </span>
     <span class='ocr_line' id='line_1_15' title="bbox 81 2571 1096 2655; baseline 0.002 -21"><span class='ocrx_word' id='word_1_112' title='bbox 81 2572 178 2650; x_wconf 76' lang='lat' dir='ltr'><strong>volni,</strong></span> <span class='ocrx_word' id='word_1_113' title='bbox 208 2593 267 2654; x_wconf 90' lang='lat' dir='ltr'><strong>qua</strong></span> <span class='ocrx_word' id='word_1_114' title='bbox 295 2572 326 2634; x_wconf 93' lang='lat' dir='ltr'><strong>in</strong></span> <span class='ocrx_word' id='word_1_115' title='bbox 355 2593 390 2635; x_wconf 92' lang='lat' dir='ltr'><strong>re</strong></span> <span class='ocrx_word' id='word_1_116' title='bbox 418 2573 448 2636; x_wconf 92' lang='lat' dir='ltr'><strong>id</strong></span> <span class='ocrx_word' id='word_1_117' title='bbox 478 2571 548 2635; x_wconf 91' lang='lat' dir='ltr'><strong>mibi</strong></span> <span class='ocrx_word' id='word_1_118' title='bbox 578 2572 739 2655; x_wconf 79' lang='lat' dir='ltr'><strong>praecipue</strong></span> <span class='ocrx_word' id='word_1_119' title='bbox 765 2592 856 2637; x_wconf 90' lang='lat' dir='ltr'><strong>curae</strong></span> <span class='ocrx_word' id='word_1_120' title='bbox 878 2574 952 2651; x_wconf 87' lang='lat' dir='ltr'><strong>luit,</strong></span> <span class='ocrx_word' id='word_1_121' title='bbox 975 2584 1009 2635; x_wconf 93' lang='lat' dir='ltr'><strong>ut</strong></span> <span class='ocrx_word' id='word_1_122' title='bbox 1031 2595 1096 2636; x_wconf 90' lang='lat' dir='ltr'><strong>cum</strong></span> 
     </span>
     <span class='ocr_line' id='line_1_16' title="bbox 80 2688 1094 2774; baseline -0.001 -21"><span class='ocrx_word' id='word_1_123' title='bbox 80 2711 201 2773; x_wconf 88' lang='lat' dir='ltr'><strong>prorsus</strong></span> <span class='ocrx_word' id='word_1_124' title='bbox 237 2690 399 2774; x_wconf 83' lang='lat' dir='ltr'><strong>singularis</strong></span> <span class='ocrx_word' id='word_1_125' title='bbox 434 2688 536 2754; x_wconf 87' lang='lat' dir='ltr'><strong>Persii</strong></span> <span class='ocrx_word' id='word_1_126' title='bbox 570 2689 713 2772; x_wconf 90' lang='lat' dir='ltr'><strong>loquendi</strong></span> <span class='ocrx_word' id='word_1_127' title='bbox 742 2691 820 2754; x_wconf 88' lang='lat' dir='ltr'><strong>ratio</strong></span> <span class='ocrx_word' id='word_1_128' title='bbox 849 2691 909 2770; x_wconf 92' lang='lat' dir='ltr'><strong>sit,</strong></span> <span class='ocrx_word' id='word_1_129' title='bbox 946 2701 1094 2767; x_wconf 86' lang='lat' dir='ltr'><strong>notarem,</strong></span> 
     </span>
     <span class='ocr_line' id='line_1_17' title="bbox 80 2809 1097 2894; baseline 0.003 -25"><span class='ocrx_word' id='word_1_130' title='bbox 80 2819 224 2890; x_wconf 71' lang='lat' dir='ltr'><strong>quatenns</strong></span> <span class='ocrx_word' id='word_1_131' title='bbox 258 2827 277 2870; x_wconf 90' lang='lat' dir='ltr'><strong>a</strong></span> <span class='ocrx_word' id='word_1_132' title='bbox 312 2809 428 2892; x_wconf 84' lang='lat' dir='ltr'><strong>vulgari</strong></span> <span class='ocrx_word' id='word_1_133' title='bbox 459 2828 514 2871; x_wconf 90' lang='lat' dir='ltr'><strong>usu</strong></span> <span class='ocrx_word' id='word_1_134' title='bbox 544 2810 724 2886; x_wconf 81' lang='lat' dir='ltr'><strong>recederet,</strong></span> <span class='ocrx_word' id='word_1_135' title='bbox 753 2819 804 2887; x_wconf 90' lang='lat' dir='ltr'><strong>et,</strong></span> <span class='ocrx_word' id='word_1_136' title='bbox 835 2810 975 2891; x_wconf 90' lang='lat' dir='ltr'><strong>quoniam</strong></span> <span class='ocrx_word' id='word_1_137' title='bbox 1005 2828 1097 2894; x_wconf 90' lang='lat' dir='ltr'><strong>saepe</strong></span> 
     </span>
     <span class='ocr_line' id='line_1_18' title="bbox 81 2925 1096 3011; baseline 0 -22"><span class='ocrx_word' id='word_1_138' title='bbox 81 2947 201 3011; x_wconf 82' lang='lat' dir='ltr'><strong>prorsus</strong></span> <span class='ocrx_word' id='word_1_139' title='bbox 230 2926 338 2990; x_wconf 89' lang='lat' dir='ltr'><strong>similia</strong></span> <span class='ocrx_word' id='word_1_140' title='bbox 368 2927 477 2991; x_wconf 80' lang='lat' dir='ltr'><strong>afferre</strong></span> <span class='ocrx_word' id='word_1_141' title='bbox 507 2946 570 2989; x_wconf 93' lang='lat' dir='ltr'><strong>nou</strong></span> <span class='ocrx_word' id='word_1_142' title='bbox 598 2925 729 3002; x_wconf 80' lang='lat' dir='ltr'><strong>licebat,</strong></span> <span class='ocrx_word' id='word_1_143' title='bbox 767 2928 923 3010; x_wconf 81' lang='lat' dir='ltr'><strong>analogias</strong></span> <span class='ocrx_word' id='word_1_144' title='bbox 954 2929 1096 3010; x_wconf 89' lang='lat' dir='ltr'><strong>quasdam</strong></span> 
     </span>
     <span class='ocr_line' id='line_1_19' title="bbox 79 3043 1097 3130; baseline 0.003 -24"><span class='ocrx_word' id='word_1_145' title='bbox 79 3044 262 3122; x_wconf 84' lang='lat' dir='ltr'><strong>indicarem,</strong></span> <span class='ocrx_word' id='word_1_146' title='bbox 286 3064 359 3127; x_wconf 87' lang='lat' dir='ltr'><strong>quas</strong></span> <span class='ocrx_word' id='word_1_147' title='bbox 381 3056 503 3109; x_wconf 88' lang='lat' dir='ltr'><strong>secutus</strong></span> <span class='ocrx_word' id='word_1_148' title='bbox 526 3065 594 3110; x_wconf 89' lang='lat' dir='ltr'><strong>esse</strong></span> <span class='ocrx_word' id='word_1_149' title='bbox 617 3045 783 3110; x_wconf 89' lang='lat' dir='ltr'><strong>videretur.</strong></span> <span class='ocrx_word' id='word_1_150' title='bbox 815 3043 860 3108; x_wconf 92' lang='lat' dir='ltr'><strong>lta</strong></span> <span class='ocrx_word' id='word_1_151' title='bbox 882 3047 979 3110; x_wconf 89' lang='lat' dir='ltr'><strong>iustae</strong></span> <span class='ocrx_word' id='word_1_152' title='bbox 1003 3047 1097 3130; x_wconf 87' lang='lat' dir='ltr'><strong>expli-</strong></span> 
     </span>
     <span class='ocr_line' id='line_1_20' title="bbox 79 3162 1098 3245; baseline 0 -19"><span class='ocrx_word' id='word_1_153' title='bbox 79 3164 204 3227; x_wconf 87' lang='lat' dir='ltr'><strong>cationis</strong></span> <span class='ocrx_word' id='word_1_154' title='bbox 226 3162 371 3245; x_wconf 87' lang='lat' dir='ltr'><strong>quaedam</strong></span> <span class='ocrx_word' id='word_1_155' title='bbox 394 3165 590 3227; x_wconf 83' lang='lat' dir='ltr'><strong>fundamenta</strong></span> <span class='ocrx_word' id='word_1_156' title='bbox 608 3163 689 3227; x_wconf 91' lang='lat' dir='ltr'><strong>iacta</strong></span> <span class='ocrx_word' id='word_1_157' title='bbox 710 3183 728 3225; x_wconf 88' lang='lat' dir='ltr'><strong>a</strong></span> <span class='ocrx_word' id='word_1_158' title='bbox 749 3184 797 3227; x_wconf 89' lang='lat' dir='ltr'><strong>me</strong></span> <span class='ocrx_word' id='word_1_159' title='bbox 821 3184 890 3228; x_wconf 86' lang='lat' dir='ltr'><strong>esse</strong></span> <span class='ocrx_word' id='word_1_160' title='bbox 912 3186 972 3227; x_wconf 91' lang='lat' dir='ltr'><strong>non</strong></span> <span class='ocrx_word' id='word_1_161' title='bbox 988 3165 1098 3227; x_wconf 87' lang='lat' dir='ltr'><strong>iniuria</strong></span> 
     </span>
     <span class='ocr_line' id='line_1_21' title="bbox 80 3278 1100 3363; baseline 0.003 -20"><span class='ocrx_word' id='word_1_162' title='bbox 80 3282 205 3346; x_wconf 77' lang='lat' dir='ltr'><strong>fortasse</strong></span> <span class='ocrx_word' id='word_1_163' title='bbox 221 3301 374 3346; x_wconf 88' lang='lat' dir='ltr'><strong>censeam.</strong></span> <span class='ocrx_word' id='word_1_164' title='bbox 395 3278 485 3363; x_wconf 81' lang='lat' dir='ltr'><strong>Quod</strong></span> <span class='ocrx_word' id='word_1_165' title='bbox 501 3304 576 3347; x_wconf 77' lang='lat' dir='ltr'><strong>vero</strong></span> <span class='ocrx_word' id='word_1_166' title='bbox 590 3282 772 3347; x_wconf 89' lang='lat' dir='ltr'><strong>brevitatem</strong></span> <span class='ocrx_word' id='word_1_167' title='bbox 789 3283 972 3361; x_wconf 85' lang='lat' dir='ltr'><strong>memoravi,</strong></span> <span class='ocrx_word' id='word_1_168' title='bbox 989 3282 1100 3346; x_wconf 84' lang='lat' dir='ltr'><strong>ridebit</strong></span> 
     </span>
     <span class='ocr_line' id='line_1_22' title="bbox 79 3400 1098 3485; baseline -0.001 -24"><span class='ocrx_word' id='word_1_169' title='bbox 79 3400 132 3462; x_wconf 86' lang='lat' dir='ltr'><strong>boe</strong></span> <span class='ocrx_word' id='word_1_170' title='bbox 156 3402 286 3463; x_wconf 77' lang='lat' dir='ltr'><strong>fortasse</strong></span> <span class='ocrx_word' id='word_1_171' title='bbox 309 3400 358 3482; x_wconf 91' lang='lat' dir='ltr'><strong>qui</strong></span> <span class='ocrx_word' id='word_1_172' title='bbox 382 3401 628 3464; x_wconf 87' lang='lat' dir='ltr'><strong>commentarium</strong></span> <span class='ocrx_word' id='word_1_173' title='bbox 644 3402 718 3465; x_wconf 86' lang='lat' dir='ltr'><strong>satis</strong></span> <span class='ocrx_word' id='word_1_174' title='bbox 734 3404 861 3485; x_wconf 90' lang='lat' dir='ltr'><strong>amplum</strong></span> <span class='ocrx_word' id='word_1_175' title='bbox 878 3401 978 3478; x_wconf 89' lang='lat' dir='ltr'><strong>videt,</strong></span> <span class='ocrx_word' id='word_1_176' title='bbox 1002 3420 1098 3481; x_wconf 88' lang='lat' dir='ltr'><strong>nequo</strong></span> 
     </span>
     <span class='ocr_line' id='line_1_23' title="bbox 77 3519 1096 3601; baseline 0 -22"><span class='ocrx_word' id='word_1_177' title='bbox 77 3528 174 3580; x_wconf 83' lang='lat' dir='ltr'><strong>tamea</strong></span> <span class='ocrx_word' id='word_1_178' title='bbox 190 3538 225 3581; x_wconf 89' lang='lat' dir='ltr'><strong>re</strong></span> <span class='ocrx_word' id='word_1_179' title='bbox 240 3519 413 3582; x_wconf 83' lang='lat' dir='ltr'><strong>accuratius</strong></span> <span class='ocrx_word' id='word_1_180' title='bbox 429 3520 620 3583; x_wconf 89' lang='lat' dir='ltr'><strong>considerata</strong></span> <span class='ocrx_word' id='word_1_181' title='bbox 642 3519 801 3583; x_wconf 88' lang='lat' dir='ltr'><strong>brevitatis</strong></span> <span class='ocrx_word' id='word_1_182' title='bbox 817 3520 946 3582; x_wconf 87' lang='lat' dir='ltr'><strong>studium</strong></span> <span class='ocrx_word' id='word_1_183' title='bbox 963 3519 1096 3601; x_wconf 87' lang='lat' dir='ltr'><strong>negabit.</strong></span> 
     </span>
     <span class='ocr_line' id='line_1_24' title="bbox 77 3634 1097 3722; baseline -0.001 -25"><span class='ocrx_word' id='word_1_184' title='bbox 77 3634 142 3699; x_wconf 89' lang='lat' dir='ltr'><strong>lloc</strong></span> <span class='ocrx_word' id='word_1_185' title='bbox 171 3636 215 3698; x_wconf 85' lang='lat' dir='ltr'><strong>ita</strong></span> <span class='ocrx_word' id='word_1_186' title='bbox 243 3636 373 3719; x_wconf 91' lang='lat' dir='ltr'><strong>probare</strong></span> <span class='ocrx_word' id='word_1_187' title='bbox 403 3637 502 3714; x_wconf 91' lang='lat' dir='ltr'><strong>volui,</strong></span> <span class='ocrx_word' id='word_1_188' title='bbox 533 3649 566 3700; x_wconf 89' lang='lat' dir='ltr'><strong>ut</strong></span> <span class='ocrx_word' id='word_1_189' title='bbox 596 3638 719 3722; x_wconf 87' lang='lat' dir='ltr'><strong>primam</strong></span> <span class='ocrx_word' id='word_1_190' title='bbox 743 3638 913 3702; x_wconf 85' lang='lat' dir='ltr'><strong>reciderem</strong></span> <span class='ocrx_word' id='word_1_191' title='bbox 936 3637 1097 3720; x_wconf 84' lang='lat' dir='ltr'><strong>superflua,</strong></span> 
     </span>
     <span class='ocr_line' id='line_1_25' title="bbox 74 3755 1098 3836; baseline 0 -21"><span class='ocrx_word' id='word_1_192' title='bbox 74 3775 171 3836; x_wconf 81' lang='lat' dir='ltr'><strong>ueqoc</strong></span> <span class='ocrx_word' id='word_1_193' title='bbox 197 3763 258 3816; x_wconf 92' lang='lat' dir='ltr'><strong>tam</strong></span> <span class='ocrx_word' id='word_1_194' title='bbox 282 3756 473 3819; x_wconf 90' lang='lat' dir='ltr'><strong>occasionem</strong></span> <span class='ocrx_word' id='word_1_195' title='bbox 497 3757 535 3818; x_wconf 92' lang='lat' dir='ltr'><strong>de</strong></span> <span class='ocrx_word' id='word_1_196' title='bbox 558 3755 649 3819; x_wconf 86' lang='lat' dir='ltr'><strong>rebus</strong></span> <span class='ocrx_word' id='word_1_197' title='bbox 672 3757 749 3819; x_wconf 90' lang='lat' dir='ltr'><strong>scitu</strong></span> <span class='ocrx_word' id='word_1_198' title='bbox 773 3757 910 3819; x_wconf 79' lang='lat' dir='ltr'><strong>iucundis</strong></span> <span class='ocrx_word' id='word_1_199' title='bbox 932 3756 1098 3818; x_wconf 79' lang='lat' dir='ltr'><strong>disserendi</strong></span> 
     </span>
     <span class='ocr_line' id='line_1_26' title="bbox 70 3874 1100 3958; baseline -0.002 -23"><span class='ocrx_word' id='word_1_200' title='bbox 70 3874 210 3956; x_wconf 81' lang='lat' dir='ltr'><strong>arripere</strong></span> <span class='ocrx_word' id='word_1_201' title='bbox 247 3896 333 3955; x_wconf 87' lang='lat' dir='ltr'><strong>quam</strong></span> <span class='ocrx_word' id='word_1_202' title='bbox 375 3885 493 3957; x_wconf 83' lang='lat' dir='ltr'><strong>poetam</strong></span> <span class='ocrx_word' id='word_1_203' title='bbox 535 3874 690 3958; x_wconf 77' lang='lat' dir='ltr'><strong>explicare</strong></span> <span class='ocrx_word' id='word_1_204' title='bbox 736 3876 877 3949; x_wconf 77' lang='lat' dir='ltr'><strong>viderer,</strong></span> <span class='ocrx_word' id='word_1_205' title='bbox 924 3894 1100 3954; x_wconf 72' lang='lat' dir='ltr'><strong>quoiusquam</strong></span> 
     </span>
     <span class='ocr_line' id='line_1_27' title="bbox 70 3992 1101 4078; baseline -0.001 -25"><span class='ocrx_word' id='word_1_206' title='bbox 70 3993 225 4054; x_wconf 85' lang='lat' dir='ltr'><strong>interdum</strong></span> <span class='ocrx_word' id='word_1_207' title='bbox 255 4013 306 4055; x_wconf 86' lang='lat' dir='ltr'><strong>res</strong></span> <span class='ocrx_word' id='word_1_208' title='bbox 336 3993 426 4056; x_wconf 90' lang='lat' dir='ltr'><strong>altius</strong></span> <span class='ocrx_word' id='word_1_209' title='bbox 459 3994 625 4078; x_wconf 89' lang='lat' dir='ltr'><strong>repetenda</strong></span> <span class='ocrx_word' id='word_1_210' title='bbox 659 4003 745 4070; x_wconf 85' lang='lat' dir='ltr'><strong>erat,</strong></span> <span class='ocrx_word' id='word_1_211' title='bbox 782 4005 814 4056; x_wconf 86' lang='lat' dir='ltr'><strong>ot</strong></span> <span class='ocrx_word' id='word_1_212' title='bbox 842 3992 964 4053; x_wconf 80' lang='lat' dir='ltr'><strong>ouranioo</strong></span> <span class='ocrx_word' id='word_1_213' title='bbox 994 3992 1101 4053; x_wconf 81' lang='lat' dir='ltr'><strong>distin-</strong></span> 
     </span>
     <span class='ocr_line' id='line_1_28' title="bbox 68 4109 1100 4196; baseline -0.003 -23"><span class='ocrx_word' id='word_1_214' title='bbox 68 4110 226 4193; x_wconf 73' lang='lat' dir='ltr'><strong>gerendum</strong></span> <span class='ocrx_word' id='word_1_215' title='bbox 248 4121 317 4173; x_wconf 92' lang='lat' dir='ltr'><strong>crat</strong></span> <span class='ocrx_word' id='word_1_216' title='bbox 336 4111 419 4175; x_wconf 91' lang='lat' dir='ltr'><strong>inter</strong></span> <span class='ocrx_word' id='word_1_217' title='bbox 439 4110 577 4196; x_wconf 81' lang='lat' dir='ltr'><strong>vulgaria</strong></span> <span class='ocrx_word' id='word_1_218' title='bbox 594 4123 626 4175; x_wconf 92' lang='lat' dir='ltr'><strong>ct</strong></span> <span class='ocrx_word' id='word_1_219' title='bbox 640 4113 739 4174; x_wconf 87' lang='lat' dir='ltr'><strong>miuus</strong></span> <span class='ocrx_word' id='word_1_220' title='bbox 756 4123 839 4173; x_wconf 89' lang='lat' dir='ltr'><strong>nota.</strong></span> <span class='ocrx_word' id='word_1_221' title='bbox 874 4109 907 4174; x_wconf 86' lang='lat' dir='ltr'><strong>Si</strong></span> <span class='ocrx_word' id='word_1_222' title='bbox 929 4122 1026 4173; x_wconf 64' lang='lat' dir='ltr'><strong>tunimo</strong></span> <span class='ocrx_word' id='word_1_223' title='bbox 1053 4134 1100 4171; x_wconf 77' lang='lat' dir='ltr'><strong>iiie</strong></span> 
     </span>
     <span class='ocr_line' id='line_1_29' title="bbox 67 4229 1099 4314; baseline -0.002 -23"><span class='ocrx_word' id='word_1_224' title='bbox 67 4252 191 4314; x_wconf 72' lang='lat' dir='ltr'><strong>«qunque</strong></span> <span class='ocrx_word' id='word_1_225' title='bbox 219 4230 292 4293; x_wconf 90' lang='lat' dir='ltr'><strong>illud</strong></span> <span class='ocrx_word' id='word_1_226' title='bbox 321 4230 479 4313; x_wconf 78' lang='lat' dir='ltr'><strong>philologis</strong></span> <span class='ocrx_word' id='word_1_227' title='bbox 512 4242 620 4294; x_wconf 88' lang='lat' dir='ltr'><strong>natura</strong></span> <span class='ocrx_word' id='word_1_228' title='bbox 649 4242 681 4292; x_wconf 89' lang='lat' dir='ltr'><strong>ut</strong></span> <span class='ocrx_word' id='word_1_229' title='bbox 703 4231 825 4293; x_wconf 87' lang='lat' dir='ltr'><strong>videtur</strong></span> <span class='ocrx_word' id='word_1_230' title='bbox 850 4229 970 4292; x_wconf 86' lang='lat' dir='ltr'><strong>insitum</strong></span> <span class='ocrx_word' id='word_1_231' title='bbox 996 4230 1099 4290; x_wconf 78' lang='lat' dir='ltr'><strong>vitium</strong></span> 
     </span>
     <span class='ocr_line' id='line_1_30' title="bbox 66 4347 1101 4433; baseline -0.008 -18"><span class='ocrx_word' id='word_1_232' title='bbox 66 4360 163 4415; x_wconf 79' lang='lat' dir='ltr'><strong>extra</strong></span> <span class='ocrx_word' id='word_1_233' title='bbox 179 4350 267 4413; x_wconf 86' lang='lat' dir='ltr'><strong>oleas</strong></span> <span class='ocrx_word' id='word_1_234' title='bbox 284 4349 414 4432; x_wconf 78' lang='lat' dir='ltr'><strong>vagandi</strong></span> <span class='ocrx_word' id='word_1_235' title='bbox 430 4349 640 4433; x_wconf 89' lang='lat' dir='ltr'><strong>superaverit,</strong></span> <span class='ocrx_word' id='word_1_236' title='bbox 664 4347 782 4412; x_wconf 89' lang='lat' dir='ltr'><strong>veniam</strong></span> <span class='ocrx_word' id='word_1_237' title='bbox 807 4368 852 4410; x_wconf 84' lang='lat' dir='ltr'><strong>me</strong></span> <span class='ocrx_word' id='word_1_238' title='bbox 877 4349 1101 4431; x_wconf 82' lang='lat' dir='ltr'><strong>impetraturum</strong></span> 
     </span>
    </p>
   </div>
   <div class='ocr_carea' id='block_1_2' title="bbox 0 0 1297 5054">
    <p class='ocr_par' dir='ltr' id='par_1_2' title="bbox 0 0 1297 5054">
     <span class='ocr_line' id='line_1_31' title="bbox 0 0 1297 5054; baseline 0 0"><span class='ocrx_word' id='word_1_239' title='bbox 0 0 1297 5054; x_wconf 95' lang='lat' dir='ltr'><strong> </strong></span> 
     </span>
    </p>
   </div>
  </div>
 </body>
</html>
