2574 5054
179 703 242 772 111
472 704 913 784 δΑΤ.ΠΙ,ΑῆίὶΗ11ΕΝΤΗ11.

177 875 360 950 discendilv.
379 880 607 953 19-2t)‚nsm
620 899 713 960 neque
736 877 810 960 quod
831 876 943 939 modico
964 887 1113 938 contentus
1134 886 1200 937 tan·

176 975 234 1026 tum
250 963 433 1024 amnioribne
449 969 604 1044 acceperit,
618 976 774 1025 ntsecurus
788 966 885 1025 vivere
894 965 984 1043 possit
999 966 1199 1038 (nu-26),

175 1070 270 1131 neque
285 1047 359 1130 quod
374 1069 391 1110 e
406 1049 491 1109 nobili
506 1070 614 1129 genere
630 1061 708 1110 ortus
723 1052 770 1122 sit,
785 1050 997 1110 exeusationem
1013 1051 1041 1108 ei
1055 1046 1199 1128 praebere

179 1140 219 1212 (v.
234 1139 385 1209 27-29).
406 1135 716 1195 Telibnsenimiullitur
730 1136 860 1215 popolus,
875 1136 980 1208 noetis,
995 1136 1042 1214 qui
1056 1133 1130 1194 benc
1148 1154 1200 1193 co·

179 1222 284 1301 guitum
299 1219 402 1293 hebet,
423 1229 453 1279 te
468 1220 553 1299 louge
569 1221 653 1280 aliter
667 1223 781 1281 sentire·
795 1231 827 1281 ct
841 1218 949 1280 desidia
971 1231 1078 1278 tantum
1094 1229 1200 1279 motum

177 1306 247 1367 talia
262 1306 317 1365 lari
333 1311 372 1379 (v.
388 1309 452 1377 30).
495 1305 568 1366 Nem
592 1305 697 1378 Natta,
720 1307 766 1386 qui
790 1304 955 1365 dissolutam
970 1307 1054 1365 vitem
1070 1306 1147 1382 agit,
1162 1323 1201 1364 ea

177 1401 284 1453 tantum
300 1401 512 1463 monerentur,
533 1389 608 1471 quod
623 1393 735 1450 omnino
750 1411 806 1451 uon
827 1401 923 1471 potest
943 1387 1109 1451 discernere
1124 1391 1201 1449 iuter

177 1476 253 1538 bona
268 1487 297 1537 et
311 1495 414 1554 prava,
437 1486 468 1537 et
487 1477 527 1536 ita
545 1478 621 1537 vitiis
636 1475 754 1536 obrutus
769 1487 831 1548 est,
855 1485 887 1536 ut
900 1473 969 1537 inde,
980 1493 1131 1554 emergere
1146 1493 1200 1535 ne·
1250 1545 1252 1548 ¹

177 1571 264 1644 quem
286 1567 324 1635 (v.
345 1566 496 1635 :tt-34).
541 1561 648 1623 Verum
669 1561 742 1623 hoec
764 1562 903 1622 omninum
924 1561 1091 1639 gravissimo
1106 1580 1201 1639 poena

178 1657 235 1721 est,
249 1648 325 1707 scire
341 1647 473 1727 aliquem,
489 1645 555 1727 quid
569 1648 721 1718 citrinos,
737 1667 818 1727 quem
833 1649 896 1726 ipse
912 1647 1070 1726 reliquerit,
1086 1657 1117 1706 et
1129 1665 1201 1725 pec·

177 1742 304 1794 catorum
320 1734 495 1794 conscientia
509 1733 635 1812 torqueri
653 1740 691 1806 (v.
708 1737 857 1802 35-43).
899 1731 1000 1793 Pueris
1016 1729 1137 1812 quidem,
1153 1732 1202 1811 qui

177 1838 234 1878 non
248 1818 304 1877 nisi
317 1819 437 1896 puerilia
452 1829 561 1890 curant,
577 1837 631 1879 nec
653 1818 746 1877 sciunt
767 1815 832 1897 qnid
846 1818 964 1889 faciant,
979 1818 1041 1877 inre
1055 1814 1201 1878 condona·

176 1902 270 1976 bitur,
306 1905 332 1962 si
367 1923 478 1983 quoquo
506 1901 588 1963 modo
616 1904 694 1963 scria
723 1902 860 1981 effugiant
888 1913 919 1964 et
945 1903 1036 1962 vitare
1066 1900 1201 1963 studeant

179 1992 382 2065 (v.tt-51);
403 2008 502 2049 verum
518 1990 562 2060 is,
588 1990 636 2068 qni
652 1989 707 2047 iem
721 1988 844 2048 imbutus
865 1987 1042 2067 philosophia
1057 1989 1200 2065 cognitum

177 2073 275 2145 habet,
290 2093 363 2154 quae
378 2072 524 2155 sequendo
539 2075 595 2133 siut
609 2092 737 2154 quaeque
753 2071 901 2144 evitanda,
916 2093 972 2132 non
989 2070 1075 2133 dehet
1089 2073 1200 2132 omissis

179 2160 263 2220 aeriis
277 2159 372 2218 inania
386 2160 504 2232 secturi,
519 2178 616 2220 verum
632 2171 713 2219 certo
725 2159 854 2231 consilio,
868 2156 941 2238 quod
956 2159 1046 2218 semel
1060 2157 1201 2238 probavit,

178 2245 260 2324 ecqui
277 2250 315 2317 (v.
333 2248 482 2319 52—62).
525 2244 638 2304 Etenim
659 2244 700 2303 ita
715 2264 808 2303 snmus
829 2244 1002 2322 comparati,
1024 2254 1072 2315 ut,
1094 2244 1149 2303 nisi
1164 2242 1201 2303 ab

176 2330 257 2391 initio
272 2327 392 2408 diligens
407 2340 437 2389 et
451 2327 565 2389 msidne
580 2349 649 2390 cera
664 2326 846 2401 adhibeatur,
866 2338 999 2389 crescant
1012 2329 1080 2389 vitia
1095 2339 1125 2388 et
1137 2329 1202 2387 rin·

179 2425 256 2487 cant,
271 2415 346 2474 sicut
359 2415 458 2475 morbo
480 2416 652 2495 aprincipio
668 2416 802 2492 neglecto
825 2412 952 2474 medicus
974 2411 1123 2492 postmodo
1144 2432 1201 2472 non

179 2510 276 2580 petest
289 2497 397 2560 mederi
413 2507 453 2572 (v.
469 2503 620 2573 ets—65).
668 2498 737 2559 Sola
751 2510 847 2561 autem
862 2499 1041 2581 philosophia
1055 2508 1112 2571 est,
1127 2518 1201 2578 quae

179 2584 275 2658 docet,
291 2581 357 2666 qnid
371 2596 480 2645 rectum
495 2587 550 2656 sit,
566 2586 647 2645 cuius
668 2583 788 2645 studium
804 2603 918 2663 semper
932 2595 963 2645 et
982 2585 1055 2644 omui
1071 2594 1201 2661 ternpore

178 2671 319 2731 hominem
340 2689 471 2731 securum
484 2680 627 2749 praestet,
656 2691 712 2730 non
734 2669 933 2749 negligendum
957 2687 1028 2750 prae
1046 2670 1098 2741 iis,
1127 2688 1202 2749 quac

179 2752 360 2835 suppeditant
381 2776 432 2827 ee,
455 2775 528 2835 quae
549 2752 586 2815 ad
607 2756 692 2815 vitam
715 2753 928 2815 sustentandam
949 2755 1116 2816 necessaria
1136 2764 1203 2815 sunt

180 2848 219 2917 (v.
236 2844 388 2914 tto-76).
436 2841 607 2921 Quamquam
629 2841 699 2900 talia
720 2850 874 2920 praecepta
890 2839 1020 2902 ridentur
1039 2839 1076 2900 ab
1091 2840 1139 2912 iis,
1153 2841 1202 2919 qui

178 2937 211 2987 ut
224 2925 331 2986 hircosi
346 2928 528 2988 centuriones
543 2945 653 2986 omnem
667 2927 752 2985 animi
766 2926 903 2986 culturam
918 2936 1070 3005 respuunt,
1092 2934 1202 2985 etcum

178 3012 279 3073 melios
299 3009 365 3092 quid
387 3021 417 3071 et
438 3009 522 3071 altius
545 3030 723 3090 cognoscere
747 3012 860 3070 omnino
882 3031 937 3070 non
953 3013 1078 3091 possint,
1092 3029 1144 3069 sua
1157 3010 1202 3070 in·

179 3097 263 3158 scitia
278 3098 404 3157 contenti
428 3106 493 3156 sunt
514 3102 553 3172 (v.
569 3100 723 3170 77-87).
768 3095 876 3157 Verum
900 3098 961 3177 quis
975 3093 1089 3155 tandem
1105 3096 1202 3156 exitus

178 3192 363 3253 manetem,
383 3183 429 3262 qui
444 3201 507 3242 cum
522 3200 555 3241 se
570 3192 718 3260 aegrotem
738 3200 807 3242 esse
822 3181 978 3260 intelliget,
993 3192 1088 3241 tamen
1101 3179 1201 3240 morbo

178 3267 281 3329 iustam
307 3264 446 3328 medelam
467 3265 604 3327 adhibere
626 3286 682 3326 non
703 3266 783 3326 vulti
831 3267 951 3327 Primum
973 3264 1102 3347 quidem,
1127 3285 1202 3346 qnae

177 3354 260 3413 iussit
274 3351 410 3424 medicus,
425 3353 545 3431 perlicit,
561 3372 627 3411 mox
639 3371 709 3412 vero
724 3371 781 3411 non
795 3361 891 3430 potest
905 3353 1051 3412 abstinere
1065 3351 1111 3422 iis,
1126 3369 1202 3431 quae

178 3439 309 3498 nocitura
323 3455 390 3497 esre
406 3439 467 3516 ipse
482 3437 557 3497 bene
572 3438 637 3508 seit,
653 3448 683 3496 et
697 3434 854 3496 admonitus
869 3435 1062 3509 excandescit,
1078 3434 1201 3516 denique

178 3524 317 3583 monitore
338 3532 464 3594 remoto,
486 3540 584 3583 omnes
604 3520 735 3582 libidines
758 3523 865 3600 implet.
907 3522 970 3584 Neo
991 3532 1087 3591 tamen
1107 3540 1202 3601 poena

178 3618 269 3679 caret,
284 3609 722 3687 qneenecopinantemoccupet,
737 3626 800 3667 com
815 3610 889 3667 inter
902 3609 978 3687 ipsas
994 3605 1112 3667 delicias
1123 3626 1202 3666 mors

178 3712 244 3753 enm
263 3692 369 3771 abripit
391 3697 430 3764 (v.
453 3695 624 3765 88-106).
660 3692 796 3753 Fortasse
812 3691 901 3765 dices,
916 3691 981 3773 quid
997 3692 1070 3753 haec
1084 3689 1120 3752 ad
1135 3694 1203 3752 met

177 3777 242 3858 Ego
264 3795 351 3837 sanna
375 3796 435 3836 eum
458 3784 499 3851 (r.
525 3780 743 3850 107-109).
789 3777 935 3849 situnne,
958 3775 1010 3839 aed
1025 3778 1109 3837 animi
1123 3777 1202 3837 vitiis

177 3883 272 3923 nonne
294 3862 431 3921 laboras?
471 3859 642 3922 Accurntius
667 3872 696 3922 te
712 3864 801 3941 ipsum
817 3865 965 3935 examina,
985 3863 1203 3923 ultraridam

177 3946 292 4008 libidine
314 3957 343 4006 te
366 3946 515 4018 laborare,
537 3948 637 4007 timore
661 3957 692 4006 et
718 3949 762 4008 ira
782 3950 902 4009 animum
928 3959 1004 4008 tuom
1031 3949 1203 4008 commoveri

177 4033 308 4093 invenies
325 4037 363 4104 (v.
382 4036 585 4105 nott-118).
628 4030 716 4112 Atqui
744 4032 828 4107 (hoec
851 4035 1024 4112 cogitatione
1046 4029 1203 4112 supplenda

179 4123 257 4191 sunt)
287 4117 372 4176 animi
393 4117 462 4176 vitia
484 4115 605 4178 eandem
625 4137 739 4190 curam,
762 4116 837 4180 idem
864 4117 985 4180 studium
1007 4127 1145 4197 poscunt,
1163 4137 1203 4178 ne

179 4203 305 4264 vineant.

266 4284 396 4368 Apparet
410 4286 446 4346 eb
462 4287 554 4348 ultera
576 4299 659 4367 perte
679 4289 790 4349 iuvenis
814 4287 950 4349 desidiosi
972 4287 1141 4367 exemplum,
1157 4288 1204 4366 qui

180 4383 280 4434 contre
295 4392 372 4433 suam
397 4373 485 4452 ipsius
508 4375 710 4434 conscientiam
740 4394 772 4438 ee
788 4385 872 4456 atque
888 4372 960 4437 alios
983 4375 1084 4435 fallere
1100 4370 1204 4443 studet,
