2574 5054
474 800 558 860 SAT.
576 800 623 873 Vl,
653 807 779 865 7-12.
1066 799 1131 866 215

105 979 271 1046 rnuremme)
298 970 393 1051 tepido
416 973 545 1052 mollique
561 992 614 1051 per
628 973 746 1031 hiemem
762 993 832 1032 aare
847 975 965 1034 excellit
984 986 1014 1035 et
1028 976 1064 1034 ab
1080 995 1130 1035 ae·

105 1059 195 1135 gratis
212 1056 395 1137 invalidisque
412 1059 617 1138 frequentatur.
635 1058 823 1136 Sequentilius
839 1081 886 1119 vv.
905 1060 1003 1120 Lunae
1018 1071 1129 1138 portum

105 1142 250 1201 describit.
273 1146 371 1214 duaa,
389 1144 417 1202 in
434 1144 554 1202 confinio
570 1143 704 1221 Liguriae
721 1144 939 1204 etEtruscurum
956 1147 1020 1217 sita,
1036 1144 1130 1205 diver-

107 1230 147 1286 sis
164 1229 337 1305 temporibus
351 1228 387 1287 ab
402 1229 446 1288 his
461 1229 573 1308 populis
587 1240 725 1306 occupata
742 1231 809 1300 luit,
832 1231 870 1288 ci.
886 1231 999 1301 Multos,
1015 1231 1129 1290 Etruslr.

107 1313 162 1393 tp.
180 1316 241 1375 100
259 1335 325 1394 sq,
341 1333 394 1374 nec
410 1314 594 1373 marmoribus
609 1317 716 1391 magis,
738 1336 820 1394 quam
836 1318 939 1374 eximin
954 1324 1036 1394 portu
1052 1316 1130 1375 cele·

105 1399 231 1458 berrima
252 1409 316 1457 erat
334 1399 418 1471 (Ptin.
433 1399 481 1470 ΙΙΙ,
497 1405 527 1469 5,
542 1403 571 1461 8.
597 1398 646 1457 Sil.
664 1400 725 1459 [tal.
742 1400 817 1470 Vlll,
833 1405 896 1463 «180
913 1408 1004 1481 sqq),
1033 1403 1078 1481 qui
1101 1403 1129 1460 ia

110 1483 218 1543 nodum
235 1484 317 1544 lunae
333 1497 465 1544 curvatus
480 1486 544 1544 urbi
558 1504 661 1544 nomen
678 1483 765 1556 dedit,
791 1506 871 1564 quam
882 1486 985 1545 Graeci
995 1482 1130 1559 Σελήνην

109 1580 211 1628 uocant
226 1568 337 1642 (Strnb.
354 1570 382 1629 V
397 1574 506 1648 peut.
523 1568 624 1647 Stepb.
642 1569 715 1648 llys.
732 1578 808 1642 nv.)
824 1572 864 1630 cl.
883 1571 996 1643 Mulier,
1014 1572 1129 1631 Etruslr.

110 1654 160 1733 lp.
176 1657 238 1717 293
254 1674 297 1734 sq.
326 1656 466 1734 Scopuli,
488 1657 535 1735 qni
558 1665 667 1734 portum
689 1667 788 1734 tegunt
810 1654 917 1728 (Strab.
934 1658 951 1715 Ι.
969 1658 1008 1716 l.:
1032 1659 1130 1738 Περι-

110 1737 235 1798 ultianus
256 1737 285 1797 δ’
304 1736 321 1800 ὁ
342 1736 430 1817 λιμὴν
450 1736 552 1822 ὄρεσιν
574 1736 727 1817 ὑψηλοῖς),
752 1743 857 1819 ingens
879 1744 959 1801 lutus
979 1750 1022 1816 (nt
1042 1741 1065 1812 Ι,
1087 1745 1129 1804 95

110 1834 216 1882 costam
230 1822 373 1902 Apennini
388 1823 470 1895 dixit)
488 1826 577 1894 dunt,
593 1834 625 1881 ut
636 1835 737 1883 ventos
752 1837 870 1884 arceant
884 1837 913 1883 et
929 1828 1061 1902 frangant
1076 1824 1129 1906 (cf.

109 1906 189 1985 Virg.
210 1907 284 1970 Aen.
301 1908 324 1981 Ι,
342 1913 414 1971 105.
439 1909 540 1977 Tibi,
556 1912 654 1981 d‚52.
678 1906 747 1967 Seu.
769 1928 816 1988 qu.
837 1920 906 1969 natt.
926 1910 988 1981 Vll,
1004 1914 1078 1983 32);
1101 1919 1132 1969 et

111 1994 182 2052 litus
205 1994 297 2055 multu
317 1995 413 2065 nulle,
445 1993 519 2075 quod
548 2015 574 2053 v.
598 1992 634 2052 de
658 1995 720 2052 sinu
744 1997 877 2074 aequoris
901 1996 976 2054 inter
998 1994 1130 2073 scopulos

110 2080 248 2157 utrimque
263 2079 374 2150 inclusi,
389 2090 419 2139 ut
435 2080 515 2138 vallis
531 2081 606 2138 inter
621 2089 741 2148 montes,
757 2080 913 2139 dictumest
926 2078 1130 2150 (obclaudian.

109 2162 188 2242 idyll.
206 2163 255 2235 Vl,
273 2168 333 2226 37:
364 2164 443 2224 Tunc
460 2185 570 2223 omnem
585 2163 679 2243 liquidi
695 2165 795 2224 vallem
811 2165 952 2225 mirabere
969 2164 1077 2235 fundi),
1097 2185 1131 2224 se

110 2259 259 2326 receptet,
282 2258 370 2308 tutum
393 2272 410 2307 a
431 2250 664 2326 tempestatibus,
687 2251 726 2309 ci.
751 2253 874 2310 reductu
897 2252 987 2310 nullis
1000 2271 1046 2328 ap.
1062 2250 1129 2308 flor.

110 2353 196 2393 carm.
210 2335 232 2402 Ι,
250 2340 298 2406 17,
315 2342 363 2398 17.
380 2335 463 2415 epod.
478 2336 512 2406 11,
532 2340 581 2396 11.
608 2335 630 2394 F
633 2338 828 2415 requentativu
844 2356 911 2395 usus
928 2356 994 2396 esse
1011 2335 1131 2407 videtur,

110 2430 141 2477 ut
155 2421 328 2497 significaret
343 2425 421 2480 varie
437 2421 548 2480 curvari
564 2420 630 2479 litus
646 2432 676 2480 et
696 2423 775 2500 quasi
792 2441 843 2500 per
857 2421 991 2500 ambages
1008 2423 1083 2480 lente
1099 2440 1131 2481 se

110 2507 259 2583 recipere,
283 2508 320 2564 ci.
339 2505 422 2565 Serv.
438 2504 473 2564 ad
491 2507 570 2583 Virg.
586 2504 661 2564 Aen.
677 2506 715 2575 Χ,
731 2511 803 2569 383.
834 2506 926 2565 Animi
948 2527 1033 2567 causa
1055 2505 1133 2565 addit

109 2589 192 2649 Ennii
216 2611 345 2660 versum,
368 2612 449 2672 quem
474 2591 518 2649 bic
538 2591 684 2650 annalibus
706 2593 733 2649 in
757 2590 866 2651 landem
882 2592 980 2651 Lunae
997 2593 1131 2650 inseruit:

110 2677 212 2735 Lunai
236 2686 374 2754 portum,
411 2688 456 2736 cst
474 2696 583 2754 operae
603 2696 644 2734 sc.
667 2679 784 2754 pretium
807 2680 857 2748 (cl.
876 2677 966 2737 Plant.
984 2678 1079 2738 Casia.
1094 2677 1132 2748 V,

110 2765 141 2833 2,
157 2766 177 2823 5
193 2761 230 2820 ib.
247 2761 334 2820 Gron.
359 2773 390 2820 et
412 2762 446 2820 ad
463 2763 525 2820 Liv.
542 2761 645 2831 XLIV,
661 2766 712 2831 36,
731 2768 779 2824 13.
796 2763 941 2822 Drakenb.
956 2763 991 2822 ad
1008 2763 1067 2821 Liv.
1082 2762 1132 2831 IV,

110 2849 141 2917 8,
157 2851 200 2918 3),
222 2848 399 2924 cognoscite,
413 2849 512 2906 ciues!
532 2849 578 2925 qui
594 2849 708 2927 antiqua
725 2851 942 2926 magnalitate,
958 2869 1039 2927 quam
1055 2849 1133 2908 crues

111 2931 178 2990 illud
194 2953 249 2991 non
265 2934 377 2991 minime
394 2932 503 3012 prodit,
527 2934 623 2990 mirum
646 2944 775 3012 qnantum
798 2932 892 2992 diilert
906 2954 922 2992 a
938 2935 1054 2993 ceteris.
1086 2932 1132 2991 Si·

111 3018 205 3076 milem
226 3020 394 3095 gravitatem
418 3018 533 3077 allectat
550 3016 665 3076 Persius
682 3019 763 3095 epica
779 3020 898 3077 formula
914 3039 966 3077 cor
982 3020 1078 3089 lirini,
1102 3028 1134 3077 ut

111 3101 185 3182 apud
201 3102 300 3162 Horat.
314 3114 366 3161 sat.
375 3103 409 3173 ΙΙ,
420 3109 448 3173 1,
464 3107 521 3165 72:
543 3102 663 3173 „Virtus
685 3102 835 3181 Scipiadae
858 3115 888 3163 et
903 3103 977 3164 mitis
993 3101 1134 3180 sapientia

110 3187 218 3247 Laeli“
243 3191 261 3247 i.
285 3208 312 3247 e.
334 3186 483 3259 cordatus,
511 3199 542 3247 nt
564 3188 673 3246 Aelium
697 3187 813 3247 Sextum
837 3191 898 3268 ipse
920 3199 1005 3248 vocat
1025 3189 1132 3247 Ennius

112 3271 198 3352 (apud
214 3272 275 3332 Cic.
287 3271 322 3332 de
339 3274 448 3343 orant,
463 3277 599 3344 45198.
621 3274 724 3332 Tuscc.
739 3274 760 3345 Ι,
776 3278 807 3344 9,
826 3275 895 3350 18),
916 3294 978 3333 nam
1001 3275 1030 3331 in
1045 3272 1132 3332 corde

111 3355 278 3437 prudentiae
294 3358 395 3429 sedes,
411 3360 449 3418 cf.
464 3360 551 3418 Voss.
568 3357 603 3417 ad
619 3359 700 3436 Virg.
718 3359 826 3437 Georg.
845 3359 879 3429 ΙΙ,
892 3364 965 3421 184.
989 3359 1048 3418 lluc
1064 3378 1132 3438 quo·

111 3443 195 3503 modo
216 3443 444 3522 intelligendum,
468 3444 594 3502 indicant
614 3447 778 3522 sequeutia,
802 3448 829 3503 in
846 3446 944 3524 quibus
960 3443 1042 3502 Ennii
1059 3463 1134 3502 som·

112 3531 186 3587 ninrn
208 3528 299 3599 ridet,
323 3529 357 3588 de
381 3550 435 3608 qun
460 3552 486 3589 v.
510 3529 545 3587 ad
568 3531 640 3608 prol.
657 3533 694 3587 in.
727 3533 883 3607 Postquam
898 3531 1057 3589 destertuit
1070 3548 1133 3588 carc

112 3616 305 3685 Maeonides,
338 3615 493 3684 Homerus,
525 3636 606 3694 quem
638 3614 752 3673 Romani
780 3618 948 3693 praesertim
970 3626 1072 3692 poetae
1094 3616 1134 3673 ita

112 3711 232 3771 vocant,
259 3721 287 3758 v.
311 3698 392 3758 Ouid.
414 3720 468 3759 am.
492 3701 538 3771 ΙΙΙ,
561 3705 591 3768 0,
607 3705 658 3761 25.
681 3701 767 3759 biart.
786 3701 936 3771 v,10‚8‚
959 3721 998 3758 ern
1017 3719 1133 3777 purione

113 3784 219 3862 (Hand.
235 3785 320 3844 Ture.
338 3785 361 3844 ΙΙ
378 3806 404 3863 p.
421 3790 482 3848 643
493 3787 554 3865 sq.)
569 3787 777 3863 Pythagoreo,
794 3807 855 3844 nam
874 3787 1012 3845 ilumerns
1029 3784 1135 3864 Pytha-

111 3871 239 3948 goricam
269 3869 305 3932 de
336 3873 488 3930 animarum
517 3873 765 3948 transmigratione
803 3871 959 3930 doctrinam
988 3871 1135 3948 explicans

113 3954 225 4014 dixerat
240 3958 265 4014 ei
282 3958 309 4014 in
326 3958 443 4027 somnio,
460 3976 491 4015 se
508 3975 644 4033 pavonem
660 3955 809 4035 aliquando
827 3958 913 4015 inisse
928 3957 1136 4029 (uanum-it),

117 4043 244 4115 Quintus
259 4040 368 4100 demum
384 4042 491 4099 Ennius
508 4042 613 4100 factus.
644 4042 714 4099 Tam
730 4040 853 4120 prudens
869 4041 1032 4113 consilium,
1048 4043 1136 4120 inquit

114 4126 230 4185 Persius
245 4147 299 4185 nun
316 4129 377 4185 sinc
393 4128 449 4185 leni
466 4126 575 4205 qnidam
590 4128 740 4197 irrisione,
763 4127 869 4184 Ennius
884 4125 953 4185 dare
969 4128 1040 4197 scit,
1056 4139 1136 4206 pust·

114 4232 195 4290 qnam
217 4213 302 4270 nimio
323 4213 435 4288 poetico
458 4215 555 4272 lurore
578 4212 714 4270 liberatus
731 4223 794 4282 est3
815 4232 877 4270 nam
893 4213 1001 4271 somnia
1016 4212 1063 4271 illa
1077 4211 1135 4291 Py·

114 4297 343 4375 thagoreafflor.
361 4316 425 4374 epp.
440 4298 474 4367 ΙΙ,
491 4303 518 4367 1,
536 4301 599 4370 52),
618 4309 648 4354 ut
663 4300 774 4356 nimium
791 4295 894 4356 tumida
909 4308 939 4357 et
953 4298 1064 4367 inflata,
1079 4317 1134 4357 nec

114 4386 221 4441 ceteris
244 4384 313 4441 satis
336 4393 417 4459 apta,
441 4381 571 4442 ridebant
593 4384 710 4461 posteri.
739 4387 795 4442 llic
817 4403 872 4462 ego
892 4403 1017 4442 securus
1038 4384 1134 4461 uulgi,

115 4466 181 4546 quid
195 4468 296 4547 vulgus
311 4466 388 4528 dicat
404 4470 544 4548 faciatque
570 4470 622 4540 (cf.
638 4469 719 4548 Virg.
738 4469 812 4529 Aen.
828 4470 850 4542 Ι,
865 4473 938 4533 350.
959 4469 997 4540 Χ,
1010 4472 1073 4532 325
1089 4488 1136 4529 se·
