2574 5054
198 783 263 851 318
428 781 561 845 sutton.
583 782 637 845 Au
661 783 745 849 SAT.
768 785 818 860 tv,
832 789 986 851 49-52.

283 959 336 1019 49.
357 956 467 1017 Puteal
479 956 558 1015 vicus
574 965 620 1015 est
634 951 707 1033 apud
723 954 838 1027 urbem,
861 956 906 1016 ubi
922 958 1122 1017 foeneratores
1138 955 1226 1019 debi-

198 1042 307 1104 toribus
329 1043 477 1121 pecuniam
500 1039 666 1101 credebant.
694 1042 917 1102 Putculautem
938 1041 1119 1115 dictumest,
1144 1043 1225 1124 quod

197 1131 235 1189 ibi
251 1127 363 1187 debitor
377 1125 512 1186 creditori
535 1124 604 1185 dans
620 1127 694 1185 bona
709 1145 778 1197 sun,
800 1139 929 1208 tauquam
946 1131 973 1187 in
988 1138 1101 1206 putenm
1117 1132 1224 1190 mittat.

199 1215 316 1275 Vibices
331 1211 401 1271 dixit
415 1213 566 1272 cicatrices
581 1207 632 1270 itt
633 1211 802 1292 ηγορικῶς,
826 1212 899 1293 quod
923 1214 1122 1274 foeneratores
1138 1214 1223 1274 debi-

198 1300 306 1360 toribus
322 1299 381 1357 suis
406 1316 508 1356 usuras
530 1299 697 1356 innovantes
721 1307 850 1375 tanquam
873 1299 1047 1359 vulnerum
1040 1319 1067 1357 ιιι
1083 1301 1125 1359 eis
1141 1301 1221 1359 cica-

198 1386 286 1445 trices
308 1385 446 1462 aperiant.
532 1382 687 1459 Flagellos
708 1378 793 1454 dixit,
814 1382 842 1442 id
863 1395 909 1443 est
929 1383 965 1443 ed
981 1383 1150 1463 exigendum
1166 1404 1220 1445 cos

198 1488 370 1531 commoves.
400 1467 478 1528 llaec
493 1469 585 1526 omnia
601 1468 728 1537 iaciens,
752 1468 858 1528 frustra
873 1471 997 1548 opinioni
1012 1470 1057 1530 vel
1073 1471 1220 1530 existima·

196 1557 267 1616 tioui
290 1554 393 1634 popelli
415 1552 546 1613 credulas
569 1571 654 1612 aures
677 1553 885 1614 accommodas.
915 1555 987 1628 Quid
1011 1556 1083 1615 enirn
1106 1554 1219 1615 adrem

198 1643 338 1722 pertinet,
362 1640 386 1697 si
409 1640 519 1697 vitiosis
542 1638 667 1696 moribus
689 1657 782 1697 sumus
805 1650 835 1699 et
856 1642 918 1699 sine
941 1642 1052 1700 ratione
1077 1659 1111 1700 ac
1135 1639 1218 1700 modo

198 1728 336 1787 vivimus?
371 1723 451 1783 Tune
474 1723 575 1782 bonurn
599 1734 644 1793 tc,
666 1724 770 1802 inquit,
798 1726 876 1784 cives
900 1723 1078 1798 iudicabunt,
1101 1727 1126 1785 si
1149 1746 1218 1786 con·

199 1823 309 1872 temnes
325 1812 489 1888 pecuniam,
512 1810 676 1886 incorrupte
695 1809 811 1869 vixeris.
841 1807 1147 1872 ‘Foenoretores
1175 1809 1219 1871 ad

198 1896 327 1976 puteal
357 1893 555 1955 Scribonii
588 1893 743 1952 bibonis
763 1901 792 1966 ¹,
815 1895 910 1975 quod
932 1907 991 1956 est
1009 1898 1043 1956 in
1065 1899 1217 1976 porticu

197 1983 295 2044 lulis
325 1979 367 2040 ad
397 1980 591 2040 Fabianum
621 1998 744 2038 arcum
769 1983 984 2042 consistere
1006 1982 1218 2042 solebant*

198 2068 307 2132 Puteal
325 2077 418 2125 autem
441 2064 544 2125 dictum
568 2076 626 2136 est,
648 2065 675 2122 in
698 2085 752 2144 quo
773 2066 972 2127 foeneratores
989 2065 1216 2129 deambulabant.

198 2154 252 2214 Est
266 2152 434 2231 hypallage,
456 2150 484 2210 id
507 2161 554 2210 est
579 2169 681 2209 seusus
697 2153 856 2210 conversio.
887 2151 951 2211 Non
967 2153 1061 2231 potest
1077 2154 1218 2231 llagellas,

198 2236 251 2298 sed
274 2235 437 2309 debitores,
460 2237 507 2317 qui
529 2236 577 2294 illo
600 2236 778 2294 conveniunt.
864 2239 964 2296 diuite
981 2239 1092 2310 vibice,
1118 2236 1146 2297 id
1172 2249 1218 2299 est

199 2325 284 2384 multa
300 2334 329 2382 et
344 2324 423 2402 gravi
439 2340 535 2383 usura.
566 2319 708 2399 Siquidem
724 2332 755 2380 ιιι
768 2320 894 2394 vibices,
920 2322 975 2382 boc
998 2335 1044 2382 cst
1068 2325 1218 2402 plagarum

198 2409 365 2478 cicatrices,
388 2402 495 2466 iaciunt
509 2405 636 2465 homines
652 2405 813 2479 reeordari,
835 2411 874 2466 ita
890 2428 1005 2480 usurae,
1021 2408 1149 2469 damnum
1166 2429 1217 2488 pa·

197 2495 320 2554 trimonii
349 2494 507 2563 iacientes,
536 2501 642 2570 cogunt
672 2451 834 2552 mendicade
864 2491 1017 2553 debitores.
1114 2495 1218 2554 Vrbirc

190 2580 306 2663 flogell
304 2596 358 2650 ns,
375 2598 491 2656 asperas
506 2596 608 2636 usuras
623 2578 772 2654 pecuniae
859 2578 975 2638 Vibiccs
991 2589 1055 2639 sunt
1070 2578 1217 2659 plagarum

198 2678 323 2725 tumores
338 2683 372 2723 oc
388 2664 483 2722 livoris
498 2663 629 2740 vestigia.
662 2660 718 2721 Vel
733 2662 853 2722 vibicem
867 2660 983 2723 dicimus
998 2684 1088 2743 genos
1105 2665 1218 2724 arboris

198 2751 310 2819 lentae,
325 2748 398 2830 quod
413 2748 513 2826 vulgus
529 2748 676 2806 beruomm
691 2757 785 2806 vocat.

284 2839 334 2896 51.
354 2836 467 2914 despue
490 2834 568 2912 quod
584 2852 641 2892 nou
664 2851 713 2905 es,
740 2830 769 2891 id
790 2843 850 2892 est.
871 2853 976 2912 respue
998 2831 1125 2893 laudibus
1141 2835 1219 2914 capi,

198 2940 267 3001 quas
290 2921 318 2978 io
341 2931 369 2978 tc
392 2940 445 2978 noo
468 2918 558 2978 babes
580 2937 634 2977 nec
655 2919 800 2995 agnoscis.
891 2920 988 2978 Tollot
1016 2938 1071 2978 suu
1093 2937 1217 2979 munero

198 3007 303 3077 cerdo,
328 3003 506 3063 adulationis.
542 3002 771 3087 Bnrbarusille,
800 3004 946 3082 imperitus
970 3006 1152 3086 nescioquis
1180 3025 1218 3066 ex

197 3091 316 3171 populo,
333 3091 385 3150 sibi
400 3090 521 3160 babeat,
538 3109 593 3168 quo
610 3098 638 3147 te
655 3067 768 3160 laddat3
791 3100 924 3148 auturrus
941 3091 1109 3162 exvicinis,
1132 3110 1217 3170 quem

196 3176 363 3256 alloquitur,
384 3175 472 3235 babet
486 3174 587 3234 falsum
603 3174 802 3232 testimonium.
839 3173 896 3234 Per
910 3177 1061 3234 cerdonem
1076 3132 1217 3255 plebeiam

197 3261 305 3320 turbam
321 3262 472 3340 signifieat.
493 3257 560 3319 Ideo
576 3261 664 3317 cerdo
680 3259 798 3338 populus
814 3255 945 3319 dictns'
928 3255 988 3320 απὸ
998 3261 1053 3320 τοῦ
1074 3257 1214 3343 κέρδους.

195 3345 268 3406 Nam
286 3344 393 3427 κέρδος
383 3347 522 3406 lucram
539 3342 674 3403 dicitor2.

283 3437 333 3493 52
360 3434 463 3490 Tecum
483 3430 603 3503 bobi3tn
625 3426 652 3487 id
676 3438 738 3499 ost,
759 3427 832 3508 qnod
855 3449 937 3488 nemo
953 3431 1059 3507 magis,
1082 3427 1189 3509 quid'
1163 3449 1216 3501 sss,

196 3518 270 3576 scire
287 3527 396 3594 potest,
413 3526 555 3596 quamtu,
572 3515 763 3593 quiconscius
780 3517 878 3573 estui.
960 3516 1111 3586 Uirronis,
1129 3535 1216 3593 quom

195 3604 239 3661 sit
258 3602 314 3661 ti‘br
333 3613 420 3661 erario
441 3601 596 3680 sepeliam
623 3599 676 3658 boc
699 3609 762 3670 est,
785 3620 866 3679 quam
888 3600 973 3659 molta
987 3602 1036 3658 tibi
1051 3599 1162 3671 desint,
1185 3611 1217 3659 ιιι

196 3689 236 3746 sis
250 3689 294 3746 vir
309 3690 454 3766 egregius.
484 3686 645 3745 Translatio
661 3684 696 3743 ab
712 3695 832 3763 augusta
847 3704 880 3745 re
895 3685 1026 3745 familiari
1042 3683 1078 3745 ed
1093 3687 1216 3764 inopiam

195 3775 337 3833 virtutum.

115 3984 122 4015 ι
197 3957 208 4010 1
230 3955 288 4007 Scri
286 3958 350 4007 'ibon
348 3953 479 4006 abicinii
487 3954 558 4019 vulg.
572 3953 680 4006 Emend.
694 3954 780 4007 Eram.
798 3954 872 4007 Reiz.
886 3953 1021 4008 Weicbcrt
1032 3954 1064 4007 de
1076 3954 1107 4021 Q.
1122 3954 1214 4007 llorrt.

195 4026 383 4148 2C'lpbpcblnl.
398 4091 454 4144 luv.
474 4089 518 4157 lV,
541 4093 606 4146 153.Ι
