2574 5054
218 1712 251 1780 dn
279 1716 346 1782 vita
373 1712 476 1782 Persii
506 1713 680 1781 enarranda
708 1712 852 1800 optimam
874 1713 981 1781 ducem
1000 1717 1156 1804 sequimur

151 1815 261 1884 utana
284 1820 464 1886 doctissimo
489 1818 685 1904 grammatico
713 1817 876 1902 scriptum,
913 1839 990 1902 quae
1018 1822 1155 1903 quamvis
1235 1893 1236 1897 Ἰ

150 1938 198 1983 nec
215 1921 333 2008 integra
361 1943 420 1987 nec
445 1921 623 2005 incorrupta
650 1918 689 1984 ad
710 1928 767 1984 nos
789 1919 949 2004 pervenit,
980 1942 1038 2005 qua
1061 1923 1097 1988 de
1120 1943 1156 1988 re

146 2020 213 2086 inira
232 2022 391 2088 deendum
414 2025 493 2104 erit,
523 2034 627 2088 tamen
649 2043 687 2087 ea
708 2021 796 2086 nobis
817 2022 960 2103 tradidit,
989 2044 1066 2107 qnae
1093 2045 1156 2090 non

142 2126 193 2189 nisi
211 2126 248 2191 ab
269 2148 309 2192 eo
332 2126 413 2191 tradi
434 2135 617 2210 potuerunt,
641 2124 692 2208 qui
715 2134 825 2209 poetae
848 2124 948 2189 nostri
969 2128 1155 2211 temporibus

140 2228 287 2312 proximos
302 2240 382 2308 erat,
407 2239 439 2294 et
453 2247 530 2312 qnae
545 2227 583 2293 ad
605 2228 856 2293 conformandum
880 2227 917 2290 de
938 2229 1089 2314 scriptore
1110 2230 1156 2294 in·

141 2330 243 2395 dicium
263 2354 337 2418 prae
360 2329 474 2397 ceteris
490 2330 574 2395 utilia
595 2341 678 2395 sunt.
701 2328 851 2394 Nostrum
866 2329 960 2415 igitur
975 2331 1053 2409 erit,
1078 2355 1156 2417 quae

140 2432 224 2499 inea
245 2436 310 2499 vito
332 2435 472 2521 dispersa
494 2443 577 2513 sunt,
601 2444 669 2518 apte
692 2433 878 2498 concinnare
901 2442 992 2517 atque
1015 2456 1082 2500 cum
1104 2436 1154 2516 iis,

140 2557 208 2620 quse
226 2539 348 2605 aliunde
371 2536 502 2615 scimus,
525 2556 725 2620 componere,
754 2545 788 2599 ιιι
809 2534 898 2614 inde,
922 2546 1064 2619 qnantum
1090 2536 1157 2603 ficri

137 2650 250 2724 potest,
272 2662 378 2706 reram
400 2642 563 2727 imaginem
584 2637 687 2704 Persii
708 2621 933 2705 conformemus
953 2643 977 2700 ¹.

214 2747 257 2807 A.
280 2741 449 2809 Persius
469 2741 645 2808 Flaccus
669 2753 758 2807 natus
788 2754 836 2808 est
856 2743 953 2829 pridie
976 2762 1050 2806 non.
1074 2737 1153 2807 Dec.

137 2840 251 2909 Pabio
272 2843 466 2928 Persico,
489 2844 531 2909 L.
555 2842 730 2912 Vitellio
754 2841 846 2910 Coss.
864 2849 908 2928 (a.
928 2867 960 2910 u.
978 2869 1007 2911 c.
1024 2841 1100 2923 787,
1124 2866 1154 2929 p.

137 2941 205 3010 Chr.
222 2947 280 3032 st)
303 2944 532 3013 Volaterris
553 2946 699 3012 Etruriae
722 2948 852 3032 oppido,
875 2959 910 3013 ut
931 2958 1054 3034 praeter
1074 2946 1157 3013 vitae

137 3051 310 3132 scriptorem
333 3061 487 3116 testantur
506 3048 660 3114 Eusebius
675 3060 707 3113 et
722 3047 926 3116 Cassiodorus
941 3052 973 3114 in
989 3049 1156 3115 chronicis.

141 3144 193 3212 Cui
210 3154 387 3217 testimonio
418 3173 473 3219 cur
501 3153 590 3217 fidem
618 3152 802 3236 denegemus
833 3161 865 3216 et
891 3149 1029 3217 Lunae
1056 3152 1157 3235 potius

135 3261 233 3315 uatum
254 3273 327 3318 esse
348 3250 489 3320 Persium
511 3267 650 3340 putemus
672 3277 741 3321 cum
763 3252 963 3338 scriptoribus
980 3253 1157 3337 quibusdam

132 3348 214 3418 Italis
232 3361 256 3431 ²,
280 3356 365 3420 nulla
395 3379 489 3423 causa
517 3369 575 3423 est
614 3355 697 3421 Nam
720 3355 801 3439 quod
826 3355 891 3441 ipsc
914 3366 1022 3420 narrat
1043 3352 1156 3420 Caesio

131 3450 228 3520 Basso
250 3455 327 3544 (Vl,
351 3457 491 3544 tisqq.),
521 3479 556 3525 se
577 3456 688 3523 Lunae
710 3479 778 3523 cum
799 3457 932 3523 maxime
959 3458 1093 3538 morari,
1126 3468 1159 3523 et

130 3579 292 3625 amoenum
318 3561 378 3624 loci
405 3582 562 3627 secessum
592 3561 752 3646 magnifice
781 3561 955 3646 praedicat,
993 3559 1064 3625 inde
1095 3580 1158 3623 non

129 3663 286 3746 seqnitur,
311 3683 379 3727 eum
400 3663 506 3728 initio
527 3663 635 3751 oppido
656 3674 760 3728 natum
783 3682 872 3745 esse3
895 3663 994 3747 potuit
1011 3662 1053 3726 ibi
1077 3682 1159 3727 com·

130 3765 245 3829 morari
270 3765 381 3829 multas
411 3764 448 3829 ob
476 3785 606 3844 causas,
645 3776 678 3829 ut
707 3774 832 3849 propter
865 3764 944 3830 coeli
972 3763 1156 3846 hominibus,

132 3951 143 4003 t
162 3951 203 4002 Cf.
224 3950 335 4020 Bsyls
352 3952 458 4004 diction.
478 3969 501 4006 s.
520 3969 548 4006 r.
567 3953 660 4003 Perse.
679 3949 866 4005 Fabricius
884 3951 952 4004 Bibl.
966 3951 1015 4004 lut.
1030 3950 1090 4019 up.
1108 3952 1157 4005 tot

131 4089 146 4142 2
162 4020 571 4158 ῗὲδξίιοιίιιιῖνιίῖοἳῑὴῖρεο
581 4022 759 4172 diddqdellu·
769 4090 863 4170 putriu·
874 4090 900 4171 di
920 4088 1019 4141 Persio.
1037 4089 1156 4172 tiendus,

163 4157 1157 4292 titt.dtif⁸0⁹2t⁰1dt.³t·c{t'ttt’t‘tttttttttttdtv·

180 4297 267 4349 .³ts.
303 4298 382 4363 Aug.
410 4297 594 4359 Oldoinus‚
620 4297 778 4348 Athenaeum
803 4296 964 4360 Ligusticum
989 4313 1014 4363 p.
1034 4297 1077 4348 80.
1115 4294 1155 4346 Gi.

224 4375 307 4434 pstor,
326 4366 420 4418 Etrur.
440 4382 495 4432 reg.
515 4366 548 4431 V,
567 4368 624 4433 dp.
637 4366 697 4420 28⁶.
712 4365 802 4447 uStcrio
820 4365 942 4416 lettersr.
961 4365 1031 4416 dello
1049 4363 1157 4430 Liguris

163 4433 241 4497 (Ges.
261 4436 344 4502 182⁴)
363 4436 374 4488 Ι
393 4452 420 4505 p.
438 4436 471 4490 37
483 4451 539 4504 sqq.
558 4435 592 4489 ⁴3
601 4451 658 4503 sqq.
684 4434 788 4501 Mulier,
807 4433 915 4486 Etrssk.
934 4432 948 4533 d
964 4450 989 4501 p.
1007 4433 1069 4487 tot.
