2574 5054
127 718 276 761 uxuttut
450 695 815 761 Puotnuottttttlt.

126 862 314 953 φιλόγελων
328 863 539 953 γενόμενον,
559 864 603 941 u'c
623 865 681 934 καλ
701 864 812 934 πολλοὶ
830 865 893 953 γῆς
905 866 1017 955 μέτρα
1029 862 1148 944 αὐτοῖς

125 967 322 1060 χαρίζεσθαι
344 970 405 1054 σῆς
427 967 603 1054 δημοσίας.
643 967 753 1054 Neque
781 970 871 1034 aliter
895 965 1067 1048 Diodorus,
1098 971 1148 1055 qui

125 1071 169 1136 ita
198 1072 235 1136 dc
258 1070 430 1156 Agathocle
461 1082 565 1136 narrat
595 1069 687 1156 (XX,
703 1070 781 1154 63):
816 1063 996 1160 Ὺποῖρχων
1023 1070 1062 1142 db
1091 1074 1149 1143 καλ

127 1169 227 1260 φύσει
247 1170 473 1258 γελωτοποιός
494 1173 552 1243 καλ
572 1186 682 1261 μῖμος
703 1167 778 1242 οὐδ’
792 1180 832 1243 ἐν
853 1187 927 1248 ταῖς
954 1174 1148 1260 ἐκκλησίαις

126 1267 285 1364 α’πεέχεσο
314 1275 375 1342 σοῦ
401 1268 570 1344 σκώπτειν
597 1276 676 1350 τοῦς
702 1274 921 1362 καθημένους
955 1274 1016 1344 καέ
1047 1299 1147 1349 τινος

127 1369 240 1445 αὐτῶν
255 1373 420 1456 εἰκάζειν,
442 1371 527 1445 ὥστε
547 1373 588 1445 σέ
608 1379 745 1464 πλῆθος
764 1374 930 1452 πολλάκις
950 1381 999 1453 εἰς
1018 1378 1148 1465 γέλααο

126 1477 372 1565 ἐκτρέπεσθαι,
396 1471 557 1565 καθάπερ
571 1479 656 1549 Ισινολ
676 1479 747 1549 τόν
768 1473 954 1567 ἠθολόγων
968 1477 992 1564 ἤ
1005 1489 1149 1567 θαυμα-

125 1582 273 1650 τοποιῶν
288 1583 510 1669 θεωροῦντος.
531 1579 592 1665 Qui
605 1583 691 1648 locus
706 1584 884 1667 permultum
900 1582 974 1647 facit
987 1583 1026 1647 ad
1042 1583 1149 1648 borum

127 1684 278 1748 bominum
294 1697 432 1750 naturam
448 1696 479 1749 et
493 1685 707 1769 cognationem
722 1685 962 1770 perspiciendam
981 1692 1005 1747 ¹.
1037 1683 1149 1750 Simili·

128 1796 176 1851 ter
205 1786 333 1869 denique
363 1787 577 1852 Artemidorus
607 1785 650 1871 (Ι,
666 1786 745 1873 76)ι
789 1783 988 1874 Μιμολόγοι
1016 1783 1054 1855 dd
1092 1786 1151 1855 καλ

127 1882 280 1962 ducrere
311 1892 343 1956 ol
368 1888 588 1975 νελοσοποιολ
615 1883 751 1965 α’πσῖσας
777 1890 834 1957 καλ
862 1888 1000 1973 ἐνέδρας
1022 1887 1150 1973 σημαί-

127 2011 266 2069 νουσιν,
288 2011 357 2054 οοοι
371 1986 554 2077 μιμολὸγσι
567 1991 658 2057 iidem
674 2004 746 2057 sunt
760 1992 810 2077 qui
823 2004 928 2078 μῖμοι
945 1999 967 2051 ².
998 1988 1052 2053 Ex
1066 1989 1150 2054 bisce

127 2090 222 2169 locis,
245 2092 277 2154 in
300 2091 405 2176 quibus
428 2114 490 2156 non
513 2104 561 2157 ost
582 2114 636 2158 cur
655 2095 692 2160 de
708 2095 840 2160 scenicis
855 2093 951 2158 mimis
968 2091 1148 2176 cogitemus,

128 2213 275 2277 quaenam
296 2193 389 2258 fucrit
409 2194 516 2260 horum
537 2196 616 2259 ratio
638 2196 768 2282 perspici
790 2205 904 2282 potest.
937 2193 1016 2260 Erat
1030 2193 1151 2278 quidem

128 2315 233 2360 eorum
256 2317 307 2360 ars
330 2298 420 2362 nullis
445 2297 592 2363 adstricta
614 2298 751 2384 legibus,
775 2299 877 2363 sedin
893 2297 1014 2364 circulis
1030 2308 1063 2361 et
1078 2317 1150 2361 con·

127 2398 236 2477 viriis,
267 2397 318 2462 ubi
340 2399 465 2465 hilarior
484 2400 637 2466 bominum
659 2421 765 2479 mens,
794 2401 990 2486 arripuerunt
1011 2398 1152 2483 quicquid

127 2500 222 2564 risum
247 2501 390 2580 eliceret,
420 2523 547 2586 eumque
576 2504 755 2587 turpissimis
783 2522 900 2586 quoqne
929 2513 962 2567 et
990 2501 1152 2566 obscoenis

128 2602 205 2668 iocis
220 2613 251 2666 et
265 2605 401 2685 gestibus
416 2616 593 2689 captarunt,
610 2627 717 2671 vorum
732 2606 775 2670 ita
790 2616 912 2683 umen,
936 2615 969 2667 ut
983 2604 1016 2668 in
1030 2604 1152 2667 imiten-

130 2704 176 2768 dis
198 2715 230 2768 et
251 2705 323 2771 vive
343 2708 482 2785 actione,
512 2726 590 2773 voce
612 2729 648 2773 ac
669 2707 825 2791 gestibus,
855 2707 894 2771 nd
916 2727 1024 2770 rernm
1047 2705 1152 2792 expri-

129 2807 247 2871 mendis
263 2809 312 2872 vel
335 2809 414 2872 notis
437 2809 610 2892 quibusdam
633 2810 773 2895 personis
794 2810 846 2874 vel
866 2810 942 2875 certi
958 2809 1084 2891 generis
1099 2807 1153 2871 bo·

129 2907 258 2972 minibus
273 2931 419 2974 summum
432 2922 594 2996 ponerent.
626 2909 715 2994 Quod
732 2934 799 2976 cum
813 2912 845 2975 in
861 2910 1036 2994 quibusdam
1053 2930 1151 2995 paene

129 3010 167 3074 sd
184 3011 336 3095 parodianr
352 3014 534 3091 accederet,
559 3015 691 3097 plerique
713 3015 764 3079 vel
781 3015 813 3079 in
829 3013 995 3079 recitandis
1010 3022 1043 3076 et
1057 3032 1152 3095 agen·

130 3113 176 3179 dis
206 3115 440 3180 narratiunculis
468 3115 596 3202 lepidis,
629 3118 680 3183 vel
708 3117 830 3182 actione
860 3117 944 3200 quasi
973 3112 1152 3198 quibusdam

163 3310 291 3382 λαβόντες
305 3311 490 3384 ὖπεκριλθησαν
506 3315 576 3370 κατὰ
591 3315 641 3383 τὴν
659 3311 731 3370 idlae
749 3314 852 3387 ἀγωγὴν
868 3320 912 3368 καλ
936 3311 1070 3369 διάθεσιν.
1106 3316 1154 3368 llio

165 3398 263 3453 quoqne
282 3384 359 3435 babes
378 3401 426 3434 non
445 3386 570 3438 actionem
590 3404 650 3439 vere
673 3390 817 3451 scenicum,
841 3388 885 3437 sed
910 3394 1039 3437 certorum
1066 3401 1153 3437 rernm

163 3454 551 3574 tt·:t‘tttl.⁰t⁶ttnttl”¹
569 3454 1153 3578 {ttttt‘tutti‘”tttttsttttttt

164 3588 215 3641 Sed
234 3591 359 3641 mimicum
378 3592 504 3643 notionem
523 3541 645 3645 s'udrrnern
665 3596 690 3646 in
702 3543 751 3646 iiic
769 3593 849 3645 luisse
868 3599 949 3660 petet.
1144 3560 1151 3573 ι

130 3677 143 3728 1
164 3673 262 3728 Similis
281 3675 330 3727 luit
347 3674 481 3727 Vitalie
498 3677 574 3729 istius
594 3693 655 3743 m,
674 3680 717 3746 qui
736 3680 773 3732 ite
792 3680 823 3730 de
841 3694 869 3730 se
886 3678 1019 3746 praedicat
1033 3678 1151 3744 (Autbol.

163 3743 195 3796 L·
210 3744 254 3808 tv,
268 3746 312 3797 to.
332 3744 430 3813 Meyer.
446 3761 471 3795 n.
493 3746 569 3805 1173,
588 3747 618 3798 15
631 3752 715 3815 sqq.):

266 3812 405 3878 Fingebam
423 3814 528 3878 vultus,
548 3816 651 3868 babitus
668 3832 699 3867 ec
717 3816 797 3867 verbu
815 3816 973 3882 loquentum,

295 3881 329 3934 Ut
346 3882 434 3949 plures
452 3899 501 3933 uno
519 3886 639 3936 crederes
656 3902 701 3938 ore
718 3885 798 3952 loqui.

264 3949 322 4018 lpse
339 3951 432 4012 otiam,
450 3968 525 4019 quent
544 3961 632 4005 nostro
648 3953 730 4005 oculis
747 3951 894 4018 geminabat
912 3955 1003 4020 inungo,

297 4018 403 4070 Horruit
421 4021 447 4070 in
465 4022 540 4072 vultu
557 4038 585 4073 se
603 4024 684 4088 magis
702 4037 760 4074 esse
777 4038 843 4074 tneo.

267 4085 288 4137 0
324 4089 409 4138 noties
427 4089 529 4140 imitata
547 4107 601 4142 neo
619 4107 647 4143 se
665 4092 760 4144 leonina
780 4098 856 4156 gestu

319 4156 368 4206 idit
386 4164 412 4208 et
429 4158 549 4224 erubuit,
568 4168 672 4228 totaque
690 4169 758 4212 mota
776 4160 839 4214 fult.

129 4238 243 4294 obtin.
262 4239 342 4290 metb.
362 4239 430 4305 vttt,
448 4243 473 4294 8.
492 4240 614 4307 Fulgert.
633 4246 716 4312 mytb.
735 4245 768 4311 ll,
788 4246 830 4298 ll.
850 4245 935 4298 Scltol.
956 4243 1011 4296 luv.
1031 4244 1076 4306 Vl,
1090 4247 1151 4298 dlo'.

164 4307 251 4361 Gloss.
270 4307 336 4374 apud
355 4306 375 4359 l.
395 4307 554 4374 Scaligerom
572 4318 640 4380 (epp.
653 4314 697 4379 tv,
708 4315 760 4367 aut
778 4331 802 4382 p·
816 4313 894 4380 bbdlc
914 4314 1016 4368 Bassus
1025 4353 1034 4379 ,
1053 4310 1150 4383 patto

162 4374 195 4428 rt
213 4368 320 4430 αἰδοῖον
335 4376 391 4431 τῶν
406 4374 539 4446 μιολὸγων
556 4382 617 4447 (leg.
636 4379 809 4452 μιμολόγοιν).
