2574 5054
130 782 254 828 nxxmv
449 750 833 823 PROLEGOMENA(

123 931 185 997 bus
201 928 372 1016 explicabat
387 927 553 1015 Sophrona
567 931 749 1016 implicitum
765 927 859 1011 (stat.
872 925 952 992 Situ.
962 921 1047 1007 V,5,
1059 926 1149 1010 158),

128 1033 194 1098 sive
209 1042 242 1097 ut
256 1042 352 1096 artem
367 1032 494 1096 similem
511 1043 759 1116 repraesentasse
776 1030 978 1112 intelligatur,
1002 1029 1081 1093 band
1096 1029 1151 1095 aba

128 1156 163 1199 re
180 1136 255 1210 erit,
280 1134 316 1198 de
332 1134 388 1197 bac
403 1132 521 1197 mimica
536 1142 603 1197 arte
619 1135 716 1218 paullo
733 1133 903 1198 accuratius
920 1133 1086 1197 disserere.

179 1258 181 1262 ·
213 1235 255 1301 Μ
258 1238 357 1299 imas
365 1280 376 1311 ,
401 1246 432 1299 at
447 1237 490 1299 ait
503 1233 666 1300 Diomedes
682 1231 743 1315 (tlt
759 1257 788 1319 p.
805 1232 904 1315 488),
929 1242 977 1297 ost
997 1236 1151 1299 ammonia

129 1337 291 1402 σωίιισίιδσι
312 1347 414 1401 motos
435 1339 504 1402 aine
517 1340 704 1410 reuerentia,
727 1336 946 1421 oelsoctoruna
964 1345 998 1400 et
1011 1339 1149 1422 turpiam

129 1462 194 1503 cnm
217 1440 347 1505 lnaoim'o
367 1441 511 1504 imitatio.
547 1440 586 1502 A
607 1437 738 1503 Graecis
763 1440 811 1502 ito
832 1437 1000 1524 definitur.-
1030 1432 1150 1527 Μιμός

127 1545 219 1610 ἐστιν
232 1541 377 1627 μίμησις
390 1541 486 1629 βίου,
510 1538 553 1608 ια’
568 1566 605 1607 τι
620 1541 904 1630 συγκεχωρημένα
920 1539 977 1607 καί
992 1534 1148 1628 α’συγγσίτ

126 1665 211 1729 ριγτα
234 1643 405 1733 περιέχων.
441 1643 535 1708 Hisce
565 1643 667 1708 verbis
688 1651 699 1684 ¹
723 1644 755 1706 iu
785 1645 960 1723 universum
989 1644 1149 1707 mimorum

128 1747 333 1829 cuiuscunque
355 1747 478 1831 generis
500 1756 637 1810 naturam
660 1745 789 1809 describi
819 1755 921 1830 patet,
950 1765 1026 1829 quae
1056 1746 1088 1809 in
1111 1766 1148 1808 eo

128 1847 312 1932 potissimum
336 1847 433 1932 posita
456 1847 531 1924 fuit,
554 1858 587 1911 ut
607 1847 689 1911 vitae
713 1848 907 1929 quotidianae
929 1858 960 1911 et
982 1848 1149 1912 commanis

127 1967 284 2012 sermones
306 1959 338 2012 et
357 1969 458 2013 mores
480 1959 621 2013 accurate
643 1949 831 2027 imitaretur,
854 1950 894 2012 ita
916 1960 950 2013 ut
971 1969 1028 2013 nec
1051 1947 1089 2012 ab
1110 1949 1149 2013 iis

127 2049 312 2129 abstineret,
343 2071 420 2134 quae
442 2051 540 2134 turpia
560 2060 664 2115 essent
685 2062 717 2115 et
738 2052 892 2115 indecora.
925 2050 991 2115 Hoc
1012 2051 1149 2115 iudicant

127 2153 217 2216 etiam
234 2150 448 2235 Euandrique
466 2152 580 2232 tabula)
599 2153 713 2217 verba:
738 2151 856 2217 Mimas
877 2153 916 2216 ob
938 2152 1148 2216 diuturnitate

126 2255 309 2318 imitationis
334 2255 439 2319 ailiam
465 2276 570 2319 rerum
595 2265 627 2317 et
649 2254 758 2318 ίσσίαιιι
781 2275 999 2339 personarum.
1038 2254 1147 2319 Risum

126 2375 215 2432 esse,
247 2357 296 2439 qui
324 2356 407 2421 bisce
437 2357 533 2420 mimis
559 2366 713 2441 captetur,
747 2376 922 2440 quamquam
943 2378 1004 2422 non
1031 2357 1148 2422 addunt

125 2459 331 2541 grammatici,
361 2469 464 2522 tamen
484 2468 620 2542 apertum
643 2469 701 2522 est.
739 2455 809 2521 Duo
826 2464 934 2523 'autem
960 2457 1146 2542 potissimum

124 2561 281 2625 mimorum
297 2579 413 2645 genera
438 2559 530 2624 inisse
552 2558 709 2625 Plutarchi
723 2560 809 2624 locas
825 2561 913 2625 dccet
926 2557 1023 2643 (Plut.
1039 2557 1145 2647 Symp.

125 2682 176 2744 qu.
194 2659 267 2739 VII,
285 2660 318 2741 8,
334 2660 390 2744 4),
414 2661 466 2725 ubi
488 2683 556 2727 cnm
578 2681 725 2745 quaenam
742 2662 891 2727 conviviis
905 2673 1079 2727 acroamata
1094 2663 1147 2725 ad·

124 2762 223 2827 biberi
259 2761 365 2827 deceat
400 2776 581 2847 quaeratur,
620 2775 688 2849 post
718 2764 820 2829 varias
852 2763 1070 2848 disputationes
1104 2764 1147 2828 ita

124 2865 272 2948 loquitari
297 2856 436 2932 Οὐκοῦν
450 2879 555 2952 μῑμσι
569 2865 657 2942 τινές
671 2869 778 2944 τίσιν,
800 2858 849 2934 σίν
863 2863 941 2941 code
960 2870 1029 2954 μὲν
1048 2864 1146 2934 τίπο-

122 2965 288 3041 diocte,
321 2965 401 3040 τοιίς
430 2967 467 3034 δὲ
496 2969 678 3056 παίγνια
701 2968 876 3038 καλοῦσιν.
911 2962 1088 3055 :tonitam
1108 2962 1145 3036 δ’

123 3066 300 3155 ου’δίτσρον
323 3068 423 3155 οἶμαι
443 3072 621 3158 συμποσίῳ
646 3070 762 3156 γένος·
790 3070 853 3145 acic
871 3073 939 3157 μέν
960 3067 1146 3146 ὑποθέσεις

123 3166 179 3238 δισί
200 3169 243 3237 τοί
266 3168 357 3257 μήκη
372 3172 441 3238 τῶν
461 3166 647 3258 δραμάτων
671 3173 726 3240 καί
746 3171 786 3240 ao*
802 3168 1079 3261 δυσχορήγητον,
1102 3172 1145 3242 τοί

121 3272 160 3340 δέ
182 3271 327 3360 παίγνια
349 3274 476 3360 πολλῆς
490 3275 642 3361 γέμοντα
656 3274 870 3364 βωμολοχίας
884 3277 941 3344 καί
956 3276 1147 3364 σπερμολο·

122 3374 199 3462 yion
225 3371 303 3442 odat
323 3387 396 3449 τοῖς
424 3374 466 3442 τοί
497 3370 705 3462 ὑποδήματα
733 3375 909 3462 κομίζουσι
939 3376 1146 3464 παιδαρίοις,

121 3472 183 3564 cipe
204 3475 247 3564 δι)
269 3476 441 3546 δεσποτῶν
462 3471 485 3567 ᾖ
507 3474 791 3565 σωφρονούντων,
820 3476 1019 3549 θεάσασθαι
1044 3505 1147 3568 προσ·

120 3576 213 3663 ήκω·
249 3584 283 3647 σί
315 3578 353 3649 δέ
379 3581 502 3648 πολλοὶ
533 3581 590 3649 καί
618 3581 790 3668 γυναικοῖν
822 3583 1146 3668 συγκατακειμένων

121 3751 134 3802 1
154 3750 262 3802 Panium
280 3750 384 3803 turbata
400 3759 463 3803 suut
473 3750 602 3804 Diomedia
615 3751 713 3816 verba,
730 3756 862 3804 ιιιιιισιιίσ
873 3757 992 3818 motam,
1012 3768 1059 3820 ego
1072 3763 1145 3807 certe

155 3834 204 3870 non
229 3819 358 3884 intelligo.
389 3819 501 3871 Videtur
526 3816 659 3886 tegendum
686 3824 817 3873 aermona'a
840 3821 984 3874 eminatiost
1006 3828 1036 3874 ei
1053 3829 1145 3876 motaa

154 3890 211 3937 aine
228 3893 378 3940 reverantia
396 3904 434 3940 so.
454 3893 585 3941 imitatio.
614 3888 677 3942 Nam
696 3891 721 3940 io
741 3889 901 3942 minianum
919 3905 1036 3944 sermone
1053 3900 1145 3958 aestua

152 3956 329 4072 potisatmun,
361 3959 426 4024 quod
458 3965 499 4009 est
527 3963 617 4010 meina
623 3995 632 4022 ,
673 3960 705 4009 ad
739 3967 856 4010 naturam
885 3961 1143 4027 repraesentabatur.

172 4030 245 4073 oatea
262 4030 292 4074 et
307 4028 428 4091 turpium
447 4042 506 4078 ease
524 4030 607 4078 atiena
626 4029 746 4093 turpiam
772 4029 870 4079 monuit
894 4030 944 4080 iam
969 4027 1144 4083 Neubircbiua

151 4089 195 4153 (de
213 4090 265 4141 tab.
284 4099 337 4156 tog.
357 4110 381 4161 p.
402 4096 439 4159 5).
470 4095 541 4161 Quae
564 4095 684 4163 quidam,
711 4103 741 4147 ut
765 4095 925 4164 Carpaovins
943 4097 1043 4166 (parad.
1064 4101 1141 4153 stain.

151 4159 235 4210 Ariat.
255 4175 278 4227 p.
299 4161 359 4225 82),
392 4162 542 4233 Bernhardy
565 4164 649 4231 (ii'o‘m.
668 4164 699 4216 L.
719 4163 751 4217 G.
772 4183 796 4232 p.
819 4166 879 4232 ist)
903 4169 969 4235 apud
993 4167 1142 4221 Diomedem

149 4224 195 4291 (ΙΙΙ
209 4242 234 4293 p.
247 4228 298 4280 tat
310 4227 354 4292 Ρ.)
366 4230 416 4295 legi
430 4232 520 4283 ainnt=
540 4233 640 4285 Mimaa
652 4235 764 4298 efflator,
785 4237 849 4300 qaia
865 4235 908 4286 σοί
918 4239 993 4288 intre
1005 4237 1050 4288 ool
1059 4242 1143 4289 oetam

124 4342 128 4347 .
151 4311 257 4348 aeonem
287 4298 509 4362 geatieotationea
538 4307 660 4366 exercet,
694 4306 873 4369 imitaturque
901 4303 974 4356 dieto
1003 4307 1143 4372 sectoque

149 4379 290 4432 moresque
302 4366 437 4418 bominum
451 4374 477 4419 et
489 4376 605 4422 notam
617 4387 678 4422 oum
691 4372 802 4423 ίσισίυίσ
809 4409 819 4437 ,
838 4372 864 4422 ἰι
878 4373 991 4427 editions
1007 4373 1141 4428 Putaebia·

151 4448 184 4487 na
203 4449 252 4488 nan
270 4435 412 4504 leguntur,
432 4438 484 4491 alia
501 4453 562 4492 vero
581 4455 630 4494 nan
648 4447 689 4493 eat
707 4441 738 4494 ad
756 4455 868 4495 manum.
