2574 5054
140 786 215 829 xnvr
289 850 290 853 Ἴ
456 764 813 830 Pnotltdotlsnll.

138 936 292 1020 perlectos
312 945 402 1017 atque
426 936 534 1000 editos.
570 935 672 1021 Atque
694 937 731 1002 de
751 956 813 1001 nno
833 944 930 1021 eoque
958 934 1156 1002 celeberrimo

139 1039 208 1102 loco
232 1035 272 1119 (Ι,
291 1036 384 1122 121),
419 1059 507 1121 qne-m
534 1034 689 1103 Cornutus
718 1050 851 1104 mutasse
881 1038 1010 1118 dicitur,
1040 1041 1080 1104 de
1103 1061 1157 1124 quo

140 1141 249 1204 dictum
272 1150 318 1202 est
338 1139 369 1202 in
392 1140 608 1204 commentario
623 1140 668 1226 (p.
688 1136 781 1224 113),
805 1151 838 1204 et
850 1141 929 1204 infra
945 1143 1093 1225 quaedam
1109 1145 1158 1206 ad·

140 1243 237 1306 denda
254 1252 343 1320 sunt,
368 1243 524 1305 nonsatis
548 1253 688 1321 constat,
712 1262 751 1305 an
774 1262 836 1305 non
858 1244 928 1307 vivo
944 1244 1035 1308 etiam
1050 1242 1157 1309 Persio

138 1356 270 1409 mutuus
285 1345 336 1422 sit,
354 1343 468 1406 namin
484 1344 546 1408 viti
560 1345 682 1427 antiqua
699 1346 729 1407 b.
745 1345 768 1408 Ι.
786 1355 945 1431 corruptus
961 1357 1029 1424 est,
1045 1347 1157 1411 sebolia

139 1449 213 1512 nihil
235 1447 407 1512 accuratius
431 1446 564 1510 tradunt.
601 1442 769 1510 Praetereo
792 1447 867 1511 dnos
892 1448 979 1513 locos
1004 1449 1158 1513 detexisse

138 1549 195 1615 sibi
224 1550 307 1614 visus
336 1558 384 1612 est
412 1545 577 1612 Passovius
601 1550 645 1632 (p.
669 1547 731 1612 ¹35
746 1550 847 1632 sqq),
879 1568 1006 1632 eumque
1034 1563 1157 1615 secutus

139 1651 179 1716 G.
197 1650 237 1714 Ε.
256 1648 413 1714 Weberns
437 1649 611 1732 (limigrant
633 1673 663 1713 ιι.
690 1645 973 1736 Stoikerp.158),
996 1652 1029 1715 in
1051 1653 1157 1736 quibus

137 1774 204 1818 enm
227 1763 317 1838 poeta
338 1751 384 1814 bis
405 1751 484 1815 idem
507 1752 653 1830 dixisset,
677 1751 784 1815 dubins
805 1763 903 1818 utrum
927 1753 1089 1833 reliceret,
1120 1776 1157 1819 an

136 1855 303 1931 retineret,
326 1853 385 1916 iam
402 1864 559 1938 utrumqne
574 1853 721 1938 legamus.
744 1855 836 1919 Alter
849 1855 960 1939 lem'tnr
972 1851 1000 1937 l,
1018 1853 1154 1940 36sqq:

263 1975 438 2037 Assensere
453 1973 529 2037 viri:
555 1993 637 2038 nnnc
652 1994 713 2037 non
729 1975 805 2038 einis
820 1973 870 2038 ille
885 1985 993 2059 poetae

264 2073 376 2138 Felix?
398 2095 458 2137 non
474 2075 573 2140 levior
588 2075 690 2161 cippus
705 2097 784 2140 nnnc
799 2076 941 2160 imprimit
957 2079 1049 2142 ossa?

262 2174 403 2241 Laudant
418 2178 584 2242 convivae:
609 2198 689 2242 nnnc
705 2198 765 2240 non
788 2198 805 2242 e
820 2177 957 2243 manibus
971 2178 1045 2258 illis,

261 2278 354 2346 Nunc
370 2302 430 2345 non
447 2300 464 2344 e
479 2280 593 2344 tumulo
616 2283 827 2363 fortunataque
842 2280 944 2346 favilla

263 2382 441 2448 Naseeutur
456 2383 576 2448 violae?

134 2502 179 2570 lbi
194 2516 283 2592 poeto
299 2503 425 2582 dubins,
449 2513 548 2566 utrum
568 2503 637 2567 illa:
661 2523 745 2567 nunc
758 2506 801 2550 ’-
815 2506 980 2579 oonoioae,
1002 2523 1042 2567 an
1058 2503 1153 2571 baec:

133 2632 215 2674 nunc
229 2648 271 2656 —
286 2608 387 2671 niolae
408 2616 554 2691 poneret,
584 2606 706 2669 interim
726 2618 884 2689 utrumqne
906 2607 938 2671 in
961 2605 1083 2672 chartas
1106 2628 1154 2672 re-

133 2712 238 2777 tulisse
255 2710 382 2788 dicitnr,
403 2719 437 2772 nt
451 2708 586 2772 editurus
602 2707 672 2769 olim
688 2707 849 2773 lectionem
865 2708 1001 2773 baberet.
1034 2703 1154 2773 Verum

132 2814 210 2892 boc,
234 2811 369 2896 quamvis
385 2811 480 2896 primo
496 2810 641 2894 adspectu
662 2808 842 2889 blandiens,
866 2832 927 2874 non
952 2809 1063 2896 poterit
1084 2831 1156 2894 pro·

132 2914 209 2978 bari.
239 2911 321 2977 Nam
344 2912 370 2975 si
392 2912 483 2989 illud,
514 2911 592 2994 quod
617 2911 750 2975 seeundo
773 2912 842 2977 loco
862 2913 992 2995 legitur,
1021 2912 1154 2977 deletum

133 3017 320 3102 cogitamus,
343 3035 467 3099 prorsus
481 3011 671 3078 intolerabile
686 3023 769 3077 esset
784 3013 894 3077 nndnm
917 3012 994 3077 hoc:
1020 3013 1155 3079 laudent

132 3119 289 3183 concione.
339 3112 536 3180 Concinnitas
571 3115 721 3179 sermonis
752 3114 927 3180 necessario
955 3117 1054 3201 poscit
1084 3138 1153 3181 cnm

130 3221 177 3284 bis
200 3241 317 3305 qnoque
345 3242 417 3298 vv.,
441 3228 472 3280 ut
495 3238 561 3281 cum
584 3216 680 3280 altero
702 3216 753 3280 illo
774 3238 935 3282 assensere
956 3219 1037 3293 oiri,
1065 3216 1153 3302 iungi

131 3322 293 3406 quaedam,
324 3339 399 3405 qnae
426 3317 678 3382 antecedentibus
706 3319 922 3404 respondeant.
959 3317 1048 3384 Ferri
1073 3340 1152 3387 sane

130 3435 251 3508 posset,
268 3442 303 3485 ea
315 3423 398 3499 tolli,
416 3421 670 3506 qnacprimoloeo
679 3421 773 3505 posita
790 3431 879 3501 snut,
895 3441 1001 3486 verum
1019 3422 1152 3487 simodo

129 3536 215 3590 recte
231 3523 401 3609 disputavi,
425 3533 550 3607 apparet
566 3543 627 3586 non
644 3523 768 3607 amplius
785 3544 854 3588 esse
870 3525 1068 3603 electionem,
1093 3525 1151 3590 sed

129 3627 205 3692 baec
218 3627 244 3690 si
261 3625 325 3709 quis
342 3625 470 3689 delenda
486 3635 630 3701 censeat,
653 3646 671 3688 a
687 3624 782 3689 sciolo
798 3626 924 3710 quodam
940 3637 1062 3705 assuta,
1087 3647 1153 3690 non

129 3750 148 3794 a
171 3726 278 3792 Persio
303 3729 461 3813 proiecta,
486 3727 513 3789 ei
535 3726 744 3791 sustinendum
768 3728 839 3791 erit.
869 3726 980 3812 Neque
1002 3748 1076 3792 vero
1093 3728 1153 3793 boo

127 3831 254 3896 concedi
277 3839 396 3915 potest,
425 3848 492 3892 nam
515 3828 546 3892 id
568 3829 662 3912 ipsum
685 3830 808 3913 egregie
830 3831 941 3894 lactum
971 3839 1038 3909 est,
1069 3830 1151 3912 quod

127 3932 204 3996 baec
220 3931 277 3997 sibi
293 3932 448 4015 opposuit:
473 3951 634 3995 assensere
647 3931 726 4004 oiri,
744 3931 821 4013 qnod
838 3931 951 4016 epicam
967 3931 1151 4016 gravitatem

127 4033 243 4116 spirat,
268 4043 299 4096 et
314 4032 441 4095 alterum
458 4034 536 4116 qnod
552 4033 646 4118 magis
663 4053 820 4098 commune
836 4044 902 4097 est:
929 4032 1061 4096 laudant
1075 4054 1150 4097 eon·

126 4135 234 4206 nicaea
258 4144 288 4197 et
311 4142 392 4196 totus
414 4135 498 4198 locus
520 4137 652 4220 ingenua
669 4133 819 4199 hilaritate
835 4145 867 4198 et
882 4135 944 4198 risu
960 4154 1021 4198 non
1036 4136 1150 4200 aceibo

127 4235 263 4301 excellit.
289 4230 422 4297 Omnino
439 4234 513 4298 lalsa
530 4237 674 4319 quaedam
691 4238 728 4301 de
742 4233 843 4301 Persii
858 4236 1007 4302 brevitate
1023 4247 1150 4301 senten·

126 4338 168 4402 tia
183 4336 240 4400 boo
255 4334 395 4399 indicium
418 4338 583 4416 excitavit,
608 4360 684 4423 qnae
706 4339 743 4403 de
765 4339 830 4403 aliis
854 4359 970 4423 quoque
990 4341 1150 4424 scriptori-

124 4441 201 4522 bus,
225 4438 275 4524 qni
290 4438 397 4504 eadem
411 4440 489 4503 lama
504 4441 665 4522 fruuntur,
690 4442 763 4508 ferri
779 4442 877 4521 solet,
901 4441 986 4524 quasi
1002 4462 1155 4524 nusquam
