<?xml version="1.0" encoding="UTF-8"?>
<!DOCTYPE html PUBLIC "-//W3C//DTD XHTML 1.0 Transitional//EN"
    "http://www.w3.org/TR/xhtml1/DTD/xhtml1-transitional.dtd">
<html xmlns="http://www.w3.org/1999/xhtml" xml:lang="en" lang="en">
 <head>
  <title>
</title>
<meta http-equiv="Content-Type" content="text/html;charset=utf-8" />
  <meta name='ocr-system' content='tesseract 3.04.00' />
  <meta name='ocr-capabilities' content='ocr_page ocr_carea ocr_par ocr_line ocrx_word'/>
</head>
<body>
  <div class='ocr_page' id='page_1' title='image "./satirarumliberc00jahngoog_0175.png"; bbox 0 0 2574 5054; ppageno 0'>
   <div class='ocr_carea' id='block_1_1' title="bbox 192 770 881 841">
    <p class='ocr_par' dir='ltr' id='par_1_1' title="bbox 192 770 881 841">
     <span class='ocr_line' id='line_1_1' title="bbox 192 770 881 841; baseline -0.009 0"><span class='ocrx_word' id='word_1_1' title='bbox 192 794 292 841; x_wconf 75' lang='lat' dir='ltr'><strong>earm</strong></span> <span class='ocrx_word' id='word_1_2' title='bbox 521 770 881 835; x_wconf 73' lang='lat' dir='ltr'><strong>PRO&#39;L&#39;EGOMENA.</strong></span> 
     </span>
    </p>
   </div>
   <div class='ocr_carea' id='block_1_2' title="bbox 189 938 1222 1950">
    <p class='ocr_par' dir='ltr' id='par_1_2' title="bbox 189 938 1222 1950">
     <span class='ocr_line' id='line_1_2' title="bbox 191 938 1222 1029; baseline -0.004 -19"><span class='ocrx_word' id='word_1_3' title='bbox 191 947 257 1010; x_wconf 82' lang='lat' dir='ltr'><strong>rios</strong></span> <span class='ocrx_word' id='word_1_4' title='bbox 278 944 311 1008; x_wconf 84' lang='lat' dir='ltr'><strong>ia</strong></span> <span class='ocrx_word' id='word_1_5' title='bbox 329 942 463 1029; x_wconf 79' lang='lat' dir='ltr'><strong>premam</strong></span> <span class='ocrx_word' id='word_1_6' title='bbox 478 939 584 1006; x_wconf 78' lang='lat' dir='ltr'><strong>Persii</strong></span> <span class='ocrx_word' id='word_1_7' title='bbox 594 951 754 1028; x_wconf 73' lang='lat' dir='ltr'><strong><em>satyrata,</em></strong></span> <span class='ocrx_word' id='word_1_8' title='bbox 777 963 838 1007; x_wconf 86' lang='lat' dir='ltr'><strong>non</strong></span> <span class='ocrx_word' id='word_1_9' title='bbox 853 942 944 1017; x_wconf 85' lang='lat' dir='ltr'><strong>s&#39;llos,</strong></span> <span class='ocrx_word' id='word_1_10' title='bbox 967 943 1025 1028; x_wconf 81' lang='lat' dir='ltr'><strong>pai</strong></span> <span class='ocrx_word' id='word_1_11' title='bbox 1045 938 1222 1008; x_wconf 82' lang='lat' dir='ltr'><strong>Cornuti</strong></span> 
     </span>
     <span class='ocr_line' id='line_1_3' title="bbox 190 1043 1221 1130; baseline -0.003 -17"><span class='ocrx_word' id='word_1_12' title='bbox 190 1049 313 1113; x_wconf 79' lang='lat' dir='ltr'><strong>stamine</strong></span> <span class='ocrx_word' id='word_1_13' title='bbox 341 1043 627 1127; x_wconf 76' lang='lat' dir='ltr'><strong>circumferuntur,</strong></span> <span class='ocrx_word' id='word_1_14' title='bbox 657 1054 690 1109; x_wconf 86' lang='lat' dir='ltr'><strong>ct</strong></span> <span class='ocrx_word' id='word_1_15' title='bbox 715 1064 795 1130; x_wconf 88' lang='lat' dir='ltr'><strong>qaas</strong></span> <span class='ocrx_word' id='word_1_16' title='bbox 821 1043 1010 1109; x_wconf 71' lang='lat' dir='ltr'><em>Hermolaus</em></span> <span class='ocrx_word' id='word_1_17' title='bbox 1031 1055 1068 1108; x_wconf 83' lang='lat' dir='ltr'><strong>ut</strong></span> <span class='ocrx_word' id='word_1_18' title='bbox 1088 1046 1221 1111; x_wconf 85' lang='lat' dir='ltr'><strong>Probi</strong></span> 
     </span>
     <span class='ocr_line' id='line_1_4' title="bbox 192 1145 1218 1232; baseline -0.005 -17"><span class='ocrx_word' id='word_1_19' title='bbox 192 1152 270 1215; x_wconf 85' lang='lat' dir='ltr'><strong>aitot</strong></span> <span class='ocrx_word' id='word_1_20' title='bbox 295 1148 337 1214; x_wconf 89' lang='lat' dir='ltr'><strong>II</strong></span> <span class='ocrx_word' id='word_1_21' title='bbox 360 1148 477 1232; x_wconf 78' lang='lat' dir='ltr'><strong>emtig.</strong></span> <span class='ocrx_word' id='word_1_22' title='bbox 507 1149 539 1209; x_wconf 87' lang='lat' dir='ltr'><strong>ia</strong></span> <span class='ocrx_word' id='word_1_23' title='bbox 568 1146 653 1211; x_wconf 86' lang='lat' dir='ltr'><strong>Pls&#39;a.</strong></span> <span class='ocrx_word' id='word_1_24' title='bbox 685 1148 718 1210; x_wconf 87' lang='lat' dir='ltr'><strong>r&#39;a</strong></span> <span class='ocrx_word' id='word_1_25' title='bbox 746 1146 840 1211; x_wconf 82' lang='lat' dir='ltr'><strong>aerbo</strong></span> <span class='ocrx_word' id='word_1_26' title='bbox 869 1145 1024 1223; x_wconf 85' lang='lat' dir='ltr'><strong>llarla,</strong></span> <span class='ocrx_word' id='word_1_27' title='bbox 1049 1146 1108 1210; x_wconf 81' lang='lat' dir='ltr'><strong>sed</strong></span> <span class='ocrx_word' id='word_1_28' title='bbox 1134 1149 1218 1211; x_wconf 87' lang='lat' dir='ltr'><strong>alios</strong></span> 
     </span>
     <span class='ocr_line' id='line_1_5' title="bbox 191 1249 1217 1337; baseline -0.005 -20"><span class='ocrx_word' id='word_1_29' title='bbox 191 1255 287 1337; x_wconf 79' lang='lat' dir='ltr'><strong>longe</strong></span> <span class='ocrx_word' id='word_1_30' title='bbox 315 1252 432 1315; x_wconf 83' lang='lat' dir='ltr'><strong>maiori</strong></span> <span class='ocrx_word' id='word_1_31' title='bbox 455 1270 533 1313; x_wconf 85' lang='lat' dir='ltr'><strong>rara</strong></span> <span class='ocrx_word' id='word_1_32' title='bbox 563 1271 602 1314; x_wconf 88' lang='lat' dir='ltr'><strong>aa</strong></span> <span class='ocrx_word' id='word_1_33' title='bbox 628 1250 756 1334; x_wconf 76' lang='lat' dir='ltr'><strong>sagonia</strong></span> <span class='ocrx_word' id='word_1_34' title='bbox 785 1250 981 1335; x_wconf 81' lang='lat' dir='ltr'><strong>comparitas.</strong></span> <span class='ocrx_word' id='word_1_35' title='bbox 1030 1249 1070 1314; x_wconf 86' lang='lat' dir='ltr'><strong>Ia</strong></span> <span class='ocrx_word' id='word_1_36' title='bbox 1096 1251 1138 1313; x_wconf 77' lang='lat' dir='ltr'><strong>iis</strong></span> <span class='ocrx_word' id='word_1_37' title='bbox 1168 1251 1217 1312; x_wconf 89' lang='lat' dir='ltr'><strong>ita</strong></span> 
     </span>
     <span class='ocr_line' id='line_1_6' title="bbox 190 1349 1216 1440; baseline -0.006 -20"><span class='ocrx_word' id='word_1_38' title='bbox 190 1357 341 1440; x_wconf 76' lang='lat' dir='ltr'><strong>saraptam</strong></span> <span class='ocrx_word' id='word_1_39' title='bbox 363 1353 517 1438; x_wconf 76' lang='lat' dir='ltr'><strong>legimus:</strong></span> <span class='ocrx_word' id='word_1_40' title='bbox 549 1349 684 1430; x_wconf 86' lang='lat' dir='ltr'><strong>„Caras</strong></span> <span class='ocrx_word' id='word_1_41' title='bbox 704 1351 867 1416; x_wconf 82' lang='lat' dir='ltr'><strong>Arroni</strong></span> <span class='ocrx_word' id='word_1_42' title='bbox 888 1353 1024 1438; x_wconf 77' lang='lat' dir='ltr'><strong><em>proprie</em></strong></span> <span class='ocrx_word' id='word_1_43' title='bbox 1045 1351 1150 1416; x_wconf 80' lang='lat' dir='ltr'><strong><em>dicere</em></strong></span> <span class='ocrx_word' id='word_1_44' title='bbox 1170 1353 1216 1415; x_wconf 80' lang='lat' dir='ltr'><strong>oi·</strong></span> 
     </span>
     <span class='ocr_line' id='line_1_7' title="bbox 191 1452 1215 1541; baseline -0.006 -19"><span class='ocrx_word' id='word_1_45' title='bbox 191 1456 301 1532; x_wconf 81' lang='lat' dir='ltr'><strong>datar,</strong></span> <span class='ocrx_word' id='word_1_46' title='bbox 334 1475 413 1541; x_wconf 83' lang='lat' dir='ltr'><strong>qaae</strong></span> <span class='ocrx_word' id='word_1_47' title='bbox 441 1457 473 1518; x_wconf 86' lang='lat' dir='ltr'><strong>si</strong></span> <span class='ocrx_word' id='word_1_48' title='bbox 496 1455 620 1519; x_wconf 82' lang='lat' dir='ltr'><strong>ostiliter</strong></span> <span class='ocrx_word' id='word_1_49' title='bbox 649 1464 860 1531; x_wconf 76' lang='lat' dir='ltr'><strong>coerceatur,</strong></span> <span class='ocrx_word' id='word_1_50' title='bbox 889 1456 1016 1518; x_wconf 81' lang='lat' dir='ltr'><strong>uirtutis</strong></span> <span class='ocrx_word' id='word_1_51' title='bbox 1041 1455 1140 1518; x_wconf 86' lang='lat' dir='ltr'><strong>laeam</strong></span> <span class='ocrx_word' id='word_1_52' title='bbox 1163 1452 1215 1516; x_wconf 85' lang='lat' dir='ltr'><strong>ab·</strong></span> 
     </span>
     <span class='ocr_line' id='line_1_8' title="bbox 191 1555 1214 1644; baseline -0.006 -18"><span class='ocrx_word' id='word_1_53' title='bbox 191 1563 304 1637; x_wconf 85' lang='lat' dir='ltr'><strong>tinent,</strong></span> <span class='ocrx_word' id='word_1_54' title='bbox 328 1560 360 1621; x_wconf 81' lang='lat' dir='ltr'><strong>si</strong></span> <span class='ocrx_word' id='word_1_55' title='bbox 371 1560 403 1620; x_wconf 87' lang='lat' dir='ltr'><strong>in</strong></span> <span class='ocrx_word' id='word_1_56' title='bbox 418 1577 655 1644; x_wconf 86' lang='lat' dir='ltr'><strong>saparoaoaam,</strong></span> <span class='ocrx_word' id='word_1_57' title='bbox 674 1555 854 1621; x_wconf 85' lang='lat' dir='ltr'><strong>ders&#39;ds‘ac.“</strong></span> <span class='ocrx_word' id='word_1_58' title='bbox 876 1555 934 1620; x_wconf 80' lang='lat' dir='ltr'><strong>Ea</strong></span> <span class='ocrx_word' id='word_1_59' title='bbox 947 1556 1058 1643; x_wconf 84' lang='lat' dir='ltr'><strong>qas&#39;brss</strong></span> <span class='ocrx_word' id='word_1_60' title='bbox 1069 1568 1214 1644; x_wconf 85' lang='lat' dir='ltr'><strong>apparet,</strong></span> 
     </span>
     <span class='ocr_line' id='line_1_9' title="bbox 189 1657 1213 1744; baseline -0.006 -15"><span class='ocrx_word' id='word_1_61' title='bbox 189 1663 350 1730; x_wconf 80' lang='lat' dir='ltr'><strong>Aaronem</strong></span> <span class='ocrx_word' id='word_1_62' title='bbox 372 1660 479 1724; x_wconf 88' lang='lat' dir='ltr'><strong>Probo</strong></span> <span class='ocrx_word' id='word_1_63' title='bbox 492 1660 604 1744; x_wconf 81' lang='lat' dir='ltr'><strong>suirsc</strong></span> <span class='ocrx_word' id='word_1_64' title='bbox 623 1662 832 1724; x_wconf 76' lang='lat' dir='ltr'><strong>armatiorem.</strong></span> <span class='ocrx_word' id='word_1_65' title='bbox 871 1657 955 1724; x_wconf 81' lang='lat' dir='ltr'><strong>Haeo</strong></span> <span class='ocrx_word' id='word_1_66' title='bbox 975 1661 1055 1725; x_wconf 91' lang='lat' dir='ltr'><strong>nullo</strong></span> <span class='ocrx_word' id='word_1_67' title='bbox 1072 1660 1213 1724; x_wconf 83' lang='lat' dir='ltr'><strong>modoad</strong></span> 
     </span>
     <span class='ocr_line' id='line_1_10' title="bbox 190 1762 1214 1851; baseline -0.006 -21"><span class='ocrx_word' id='word_1_68' title='bbox 190 1764 346 1851; x_wconf 80' lang='lat' dir='ltr'><strong>Berytiam</strong></span> <span class='ocrx_word' id='word_1_69' title='bbox 370 1762 480 1826; x_wconf 75' lang='lat' dir='ltr'><strong>referri</strong></span> <span class='ocrx_word' id='word_1_70' title='bbox 501 1771 645 1847; x_wconf 79' lang='lat' dir='ltr'><strong>possunt,</strong></span> <span class='ocrx_word' id='word_1_71' title='bbox 677 1782 782 1844; x_wconf 91' lang='lat' dir='ltr'><strong>qucm,</strong></span> <span class='ocrx_word' id='word_1_72' title='bbox 816 1764 875 1828; x_wconf 86' lang='lat' dir='ltr'><strong>atsi</strong></span> <span class='ocrx_word' id='word_1_73' title='bbox 899 1762 935 1827; x_wconf 89' lang='lat' dir='ltr'><strong>da</strong></span> <span class='ocrx_word' id='word_1_74' title='bbox 958 1763 1090 1827; x_wconf 66' lang='lat' dir='ltr'><strong>aaronis</strong></span> <span class='ocrx_word' id='word_1_75' title='bbox 1113 1772 1214 1826; x_wconf 85' lang='lat' dir='ltr'><strong>aetate</strong></span> 
     </span>
     <span class='ocr_line' id='line_1_11' title="bbox 189 1864 1213 1950; baseline -0.005 -19"><span class='ocrx_word' id='word_1_76' title='bbox 189 1887 252 1932; x_wconf 89' lang='lat' dir='ltr'><strong>nou</strong></span> <span class='ocrx_word' id='word_1_77' title='bbox 276 1865 351 1931; x_wconf 85' lang='lat' dir='ltr'><strong>satis</strong></span> <span class='ocrx_word' id='word_1_78' title='bbox 373 1874 509 1943; x_wconf 86' lang='lat' dir='ltr'><strong>constat,</strong></span> <span class='ocrx_word' id='word_1_79' title='bbox 541 1864 598 1928; x_wconf 90' lang='lat' dir='ltr'><strong>boo</strong></span> <span class='ocrx_word' id='word_1_80' title='bbox 625 1866 719 1929; x_wconf 87' lang='lat' dir='ltr'><strong>multo</strong></span> <span class='ocrx_word' id='word_1_81' title='bbox 748 1865 831 1950; x_wconf 89' lang='lat' dir='ltr'><strong>prius</strong></span> <span class='ocrx_word' id='word_1_82' title='bbox 860 1865 977 1930; x_wconf 82' lang='lat' dir='ltr'><strong>vixisse</strong></span> <span class='ocrx_word' id='word_1_83' title='bbox 1009 1876 1123 1930; x_wconf 82' lang='lat' dir='ltr'><strong>eertum</strong></span> <span class='ocrx_word' id='word_1_84' title='bbox 1153 1875 1213 1927; x_wconf 87' lang='lat' dir='ltr'><strong>cst.</strong></span> 
     </span>
    </p>
   </div>
   <div class='ocr_carea' id='block_1_3' title="bbox 84 1956 1214 2050">
    <p class='ocr_par' dir='ltr' id='par_1_3' title="bbox 84 1956 1214 2050">
     <span class='ocr_line' id='line_1_12' title="bbox 84 1956 1214 2050; baseline -0.008 -14"><span class='ocrx_word' id='word_1_85' title='bbox 84 1956 88 1961; x_wconf 35' lang='lat'><strong>⁴</strong></span> <span class='ocrx_word' id='word_1_86' title='bbox 190 1968 345 2035; x_wconf 81' lang='lat' dir='ltr'><strong>Habemus</strong></span> <span class='ocrx_word' id='word_1_87' title='bbox 374 1967 467 2050; x_wconf 81' lang='lat' dir='ltr'><strong>igitur</strong></span> <span class='ocrx_word' id='word_1_88' title='bbox 495 1966 543 2031; x_wconf 90' lang='lat' dir='ltr'><strong>bio</strong></span> <span class='ocrx_word' id='word_1_89' title='bbox 573 1987 690 2050; x_wconf 87' lang='lat' dir='ltr'><strong>quoque</strong></span> <span class='ocrx_word' id='word_1_90' title='bbox 720 1968 857 2031; x_wconf 74' lang='lat' dir='ltr'><strong>notitiam</strong></span> <span class='ocrx_word' id='word_1_91' title='bbox 894 1966 1022 2032; x_wconf 89' lang='lat' dir='ltr'><strong>iunioris</strong></span> <span class='ocrx_word' id='word_1_92' title='bbox 1058 1965 1214 2029; x_wconf 75' lang='lat' dir='ltr'><strong>cuiusdam</strong></span> 
     </span>
    </p>
   </div>
   <div class='ocr_carea' id='block_1_4' title="bbox 188 2067 1213 2463">
    <p class='ocr_par' dir='ltr' id='par_1_4' title="bbox 188 2067 1213 2463">
     <span class='ocr_line' id='line_1_13' title="bbox 189 2067 1213 2155; baseline -0.006 -19"><span class='ocrx_word' id='word_1_93' title='bbox 189 2068 284 2136; x_wconf 83' lang='lat' dir='ltr'><strong><em>Probi</em></strong></span> <span class='ocrx_word' id='word_1_94' title='bbox 313 2068 518 2155; x_wconf 79' lang='lat' dir='ltr'><strong>grammatici,</strong></span> <span class='ocrx_word' id='word_1_95' title='bbox 548 2069 633 2133; x_wconf 88' lang='lat' dir='ltr'><strong>auius</strong></span> <span class='ocrx_word' id='word_1_96' title='bbox 663 2088 697 2133; x_wconf 87' lang='lat' dir='ltr'><strong>sa</strong></span> <span class='ocrx_word' id='word_1_97' title='bbox 727 2069 835 2153; x_wconf 85' lang='lat' dir='ltr'><strong>ubique</strong></span> <span class='ocrx_word' id='word_1_98' title='bbox 865 2072 930 2134; x_wconf 84' lang='lat' dir='ltr'><strong>lara</strong></span> <span class='ocrx_word' id='word_1_99' title='bbox 960 2069 1044 2153; x_wconf 84' lang='lat' dir='ltr'><strong>quasi</strong></span> <span class='ocrx_word' id='word_1_100' title='bbox 1067 2067 1213 2151; x_wconf 75' lang='lat' dir='ltr'>quaedam</span> 
     </span>
     <span class='ocr_line' id='line_1_14' title="bbox 188 2171 1213 2250; baseline -0.007 -12"><span class='ocrx_word' id='word_1_101' title='bbox 188 2171 295 2238; x_wconf 87' lang='lat' dir='ltr'><strong>ambra</strong></span> <span class='ocrx_word' id='word_1_102' title='bbox 325 2171 433 2235; x_wconf 84' lang='lat' dir='ltr'><strong>obtolit</strong></span> <span class='ocrx_word' id='word_1_103' title='bbox 461 2181 493 2234; x_wconf 89' lang='lat' dir='ltr'><strong>ct</strong></span> <span class='ocrx_word' id='word_1_104' title='bbox 520 2171 600 2236; x_wconf 86' lang='lat' dir='ltr'><strong>siout</strong></span> <span class='ocrx_word' id='word_1_105' title='bbox 628 2172 726 2235; x_wconf 83' lang='lat' dir='ltr'><strong>visum</strong></span> <span class='ocrx_word' id='word_1_106' title='bbox 755 2172 950 2250; x_wconf 85' lang='lat' dir='ltr'><strong>obscuravit,</strong></span> <span class='ocrx_word' id='word_1_107' title='bbox 979 2172 1022 2235; x_wconf 87' lang='lat' dir='ltr'><strong>ita</strong></span> <span class='ocrx_word' id='word_1_108' title='bbox 1051 2180 1213 2234; x_wconf 74' lang='lat' dir='ltr'><strong>accuratae</strong></span> 
     </span>
     <span class='ocr_line' id='line_1_15' title="bbox 189 2271 1213 2361; baseline -0.006 -21"><span class='ocrx_word' id='word_1_109' title='bbox 189 2274 361 2361; x_wconf 77' lang='lat' dir='ltr'><strong>quaestioni</strong></span> <span class='ocrx_word' id='word_1_110' title='bbox 382 2294 415 2338; x_wconf 87' lang='lat' dir='ltr'><strong>sa</strong></span> <span class='ocrx_word' id='word_1_111' title='bbox 437 2273 599 2339; x_wconf 76' lang='lat' dir='ltr'><strong>subtraxit.</strong></span> <span class='ocrx_word' id='word_1_112' title='bbox 636 2271 822 2357; x_wconf 76' lang='lat' dir='ltr'><strong>Quamquam</strong></span> <span class='ocrx_word' id='word_1_113' title='bbox 842 2284 944 2338; x_wconf 88' lang='lat' dir='ltr'><strong>autam</strong></span> <span class='ocrx_word' id='word_1_114' title='bbox 966 2272 1023 2337; x_wconf 87' lang='lat' dir='ltr'><strong>boo</strong></span> <span class='ocrx_word' id='word_1_115' title='bbox 1040 2271 1213 2337; x_wconf 84' lang='lat' dir='ltr'><strong>testimonio</strong></span> 
     </span>
     <span class='ocr_line' id='line_1_16' title="bbox 190 2373 1212 2463; baseline -0.006 -20"><span class='ocrx_word' id='word_1_116' title='bbox 190 2379 324 2443; x_wconf 88' lang='lat' dir='ltr'><strong>naulum</strong></span> <span class='ocrx_word' id='word_1_117' title='bbox 347 2378 447 2440; x_wconf 89' lang='lat' dir='ltr'><strong>omnia</strong></span> <span class='ocrx_word' id='word_1_118' title='bbox 468 2396 613 2441; x_wconf 86' lang='lat' dir='ltr'><strong>oorruare</strong></span> <span class='ocrx_word' id='word_1_119' title='bbox 636 2377 825 2463; x_wconf 83' lang='lat' dir='ltr'><strong>putaverim,</strong></span> <span class='ocrx_word' id='word_1_120' title='bbox 857 2393 932 2460; x_wconf 83' lang='lat' dir='ltr'><strong>quaa</strong></span> <span class='ocrx_word' id='word_1_121' title='bbox 953 2373 1100 2459; x_wconf 81' lang='lat' dir='ltr'><strong>disputata</strong></span> <span class='ocrx_word' id='word_1_122' title='bbox 1127 2384 1212 2449; x_wconf 89' lang='lat' dir='ltr'><strong>sunt,</strong></span> 
     </span>
    </p>
   </div>
   <div class='ocr_carea' id='block_1_5' title="bbox 91 2477 1213 2564">
    <p class='ocr_par' dir='ltr' id='par_1_5' title="bbox 91 2477 1213 2564">
     <span class='ocr_line' id='line_1_17' title="bbox 91 2477 1213 2564; baseline -0.006 -18"><span class='ocrx_word' id='word_1_123' title='bbox 91 2477 93 2480; x_wconf 68' lang='grc'><strong>’</strong></span> <span class='ocrx_word' id='word_1_124' title='bbox 188 2492 290 2546; x_wconf 72' lang='lat' dir='ltr'><strong>tamam</strong></span> <span class='ocrx_word' id='word_1_125' title='bbox 314 2500 376 2543; x_wconf 93' lang='lat' dir='ltr'><strong>nou</strong></span> <span class='ocrx_word' id='word_1_126' title='bbox 398 2480 612 2564; x_wconf 84' lang='lat' dir='ltr'><strong>negligendum</strong></span> <span class='ocrx_word' id='word_1_127' title='bbox 634 2479 709 2556; x_wconf 88' lang='lat' dir='ltr'><strong>luit,</strong></span> <span class='ocrx_word' id='word_1_128' title='bbox 739 2488 773 2543; x_wconf 90' lang='lat' dir='ltr'><strong>ct</strong></span> <span class='ocrx_word' id='word_1_129' title='bbox 793 2479 818 2542; x_wconf 89' lang='lat' dir='ltr'><strong>si</strong></span> <span class='ocrx_word' id='word_1_130' title='bbox 846 2480 926 2542; x_wconf 87' lang='lat' dir='ltr'><strong>lorta</strong></span> <span class='ocrx_word' id='word_1_131' title='bbox 949 2477 978 2540; x_wconf 91' lang='lat' dir='ltr'><strong>bi</strong></span> <span class='ocrx_word' id='word_1_132' title='bbox 1003 2477 1213 2542; x_wconf 78' lang='lat' dir='ltr'><strong>commentarii</strong></span> 
     </span>
    </p>
   </div>
   <div class='ocr_carea' id='block_1_6' title="bbox 188 2580 1083 2666">
    <p class='ocr_par' dir='ltr' id='par_1_6' title="bbox 188 2580 1083 2666">
     <span class='ocr_line' id='line_1_18' title="bbox 188 2580 1083 2666; baseline -0.006 -19"><span class='ocrx_word' id='word_1_133' title='bbox 188 2584 297 2648; x_wconf 87' lang='lat' dir='ltr'><strong>iterum</strong></span> <span class='ocrx_word' id='word_1_134' title='bbox 313 2582 528 2660; x_wconf 84' lang='lat' dir='ltr'><strong>inveniantur,</strong></span> <span class='ocrx_word' id='word_1_135' title='bbox 551 2581 617 2646; x_wconf 87' lang='lat' dir='ltr'><strong>beri</strong></span> <span class='ocrx_word' id='word_1_136' title='bbox 638 2591 740 2666; x_wconf 84' lang='lat' dir='ltr'><strong>potest</strong></span> <span class='ocrx_word' id='word_1_137' title='bbox 754 2591 787 2645; x_wconf 90' lang='lat' dir='ltr'><strong>ut</strong></span> <span class='ocrx_word' id='word_1_138' title='bbox 801 2580 884 2644; x_wconf 87' lang='lat' dir='ltr'><strong>litem</strong></span> <span class='ocrx_word' id='word_1_139' title='bbox 900 2580 1042 2644; x_wconf 85' lang='lat' dir='ltr'><strong>dirimant</strong></span> <span class='ocrx_word' id='word_1_140' title='bbox 1060 2587 1083 2641; x_wconf 87' lang='lat'><strong>¹.</strong></span> 
     </span>
    </p>
   </div>
   <div class='ocr_carea' id='block_1_7' title="bbox 187 2713 1213 3109">
    <p class='ocr_par' dir='ltr' id='par_1_7' title="bbox 187 2713 1213 3109">
     <span class='ocr_line' id='line_1_19' title="bbox 273 2713 1210 2783; baseline -0.004 -1"><span class='ocrx_word' id='word_1_141' title='bbox 273 2714 390 2782; x_wconf 85' lang='lat' dir='ltr'><strong>Veram</strong></span> <span class='ocrx_word' id='word_1_142' title='bbox 407 2716 482 2782; x_wconf 81' lang='lat' dir='ltr'><strong>baso</strong></span> <span class='ocrx_word' id='word_1_143' title='bbox 497 2716 677 2783; x_wconf 66' lang='lat' dir='ltr'><strong>aaronis</strong></span> <span class='ocrx_word' id='word_1_144' title='bbox 698 2717 813 2782; x_wconf 84' lang='lat' dir='ltr'><strong>mantio</strong></span> <span class='ocrx_word' id='word_1_145' title='bbox 829 2716 889 2782; x_wconf 90' lang='lat' dir='ltr'><strong>alio</strong></span> <span class='ocrx_word' id='word_1_146' title='bbox 905 2726 1006 2782; x_wconf 88' lang='lat' dir='ltr'><strong>voaat.</strong></span> <span class='ocrx_word' id='word_1_147' title='bbox 1032 2713 1114 2780; x_wconf 86' lang='lat' dir='ltr'><strong>Idam</strong></span> <span class='ocrx_word' id='word_1_148' title='bbox 1131 2715 1210 2779; x_wconf 82' lang='lat' dir='ltr'><strong>anim</strong></span> 
     </span>
     <span class='ocr_line' id='line_1_20' title="bbox 188 2812 1211 2906; baseline -0.004 -21"><span class='ocrx_word' id='word_1_149' title='bbox 188 2820 279 2885; x_wconf 85' lang='lat' dir='ltr'><strong>otiam</strong></span> <span class='ocrx_word' id='word_1_150' title='bbox 294 2818 325 2883; x_wconf 91' lang='lat' dir='ltr'><strong>iu</strong></span> <span class='ocrx_word' id='word_1_151' title='bbox 341 2818 453 2882; x_wconf 88' lang='lat' dir='ltr'><strong>uostris</strong></span> <span class='ocrx_word' id='word_1_152' title='bbox 475 2819 598 2883; x_wconf 82' lang='lat' dir='ltr'><strong>scholiis</strong></span> <span class='ocrx_word' id='word_1_153' title='bbox 621 2818 780 2885; x_wconf 82' lang='lat' dir='ltr'><strong>adhibetur</strong></span> <span class='ocrx_word' id='word_1_154' title='bbox 802 2816 853 2906; x_wconf 89' lang='lat' dir='ltr'><strong>(ad</strong></span> <span class='ocrx_word' id='word_1_155' title='bbox 869 2812 911 2898; x_wconf 89' lang='lat' dir='ltr'><strong>ll,</strong></span> <span class='ocrx_word' id='word_1_156' title='bbox 929 2815 1004 2901; x_wconf 82' lang='lat'><strong>56),</strong></span> <span class='ocrx_word' id='word_1_157' title='bbox 1028 2816 1078 2882; x_wconf 88' lang='lat' dir='ltr'><strong>ubi</strong></span> <span class='ocrx_word' id='word_1_158' title='bbox 1097 2818 1134 2882; x_wconf 86' lang='lat' dir='ltr'><strong>da</strong></span> <span class='ocrx_word' id='word_1_159' title='bbox 1149 2815 1211 2881; x_wconf 85' lang='lat' dir='ltr'><strong>Da-</strong></span> 
     </span>
     <span class='ocr_line' id='line_1_21' title="bbox 189 2919 1213 3007; baseline -0.002 -21"><span class='ocrx_word' id='word_1_160' title='bbox 189 2921 311 2986; x_wconf 85' lang='lat' dir='ltr'><strong>naidum</strong></span> <span class='ocrx_word' id='word_1_161' title='bbox 332 2920 440 2984; x_wconf 81' lang='lat' dir='ltr'><strong>statuis</strong></span> <span class='ocrx_word' id='word_1_162' title='bbox 461 2919 493 2983; x_wconf 90' lang='lat' dir='ltr'><strong>iu</strong></span> <span class='ocrx_word' id='word_1_163' title='bbox 517 2920 666 3007; x_wconf 81' lang='lat' dir='ltr'><strong>Apollinis</strong></span> <span class='ocrx_word' id='word_1_164' title='bbox 685 2920 817 2987; x_wconf 78' lang='lat' dir='ltr'><strong>Palatini</strong></span> <span class='ocrx_word' id='word_1_165' title='bbox 838 2922 954 3007; x_wconf 84' lang='lat' dir='ltr'><strong>porticu</strong></span> <span class='ocrx_word' id='word_1_166' title='bbox 971 2922 1124 2986; x_wconf 86' lang='lat' dir='ltr'><strong>collocatis</strong></span> <span class='ocrx_word' id='word_1_167' title='bbox 1141 2942 1213 2984; x_wconf 92' lang='lat' dir='ltr'><strong>nar·</strong></span> 
     </span>
     <span class='ocr_line' id='line_1_22' title="bbox 187 3020 1211 3109; baseline -0.004 -20"><span class='ocrx_word' id='word_1_168' title='bbox 187 3034 247 3090; x_wconf 86' lang='lat' dir='ltr'><strong>rat.</strong></span> <span class='ocrx_word' id='word_1_169' title='bbox 280 3020 344 3087; x_wconf 89' lang='lat' dir='ltr'><strong>lam</strong></span> <span class='ocrx_word' id='word_1_170' title='bbox 358 3020 524 3089; x_wconf 85' lang='lat' dir='ltr'><strong>verisimile</strong></span> <span class='ocrx_word' id='word_1_171' title='bbox 541 3031 607 3103; x_wconf 86' lang='lat' dir='ltr'><strong>ast,</strong></span> <span class='ocrx_word' id='word_1_172' title='bbox 631 3023 712 3090; x_wconf 89' lang='lat' dir='ltr'><strong>buno</strong></span> <span class='ocrx_word' id='word_1_173' title='bbox 727 3044 844 3109; x_wconf 87' lang='lat' dir='ltr'><strong>quoquc</strong></span> <span class='ocrx_word' id='word_1_174' title='bbox 858 3023 942 3089; x_wconf 87' lang='lat' dir='ltr'><strong>inter</strong></span> <span class='ocrx_word' id='word_1_175' title='bbox 955 3022 1095 3108; x_wconf 85' lang='lat' dir='ltr'><strong>antiquos</strong></span> <span class='ocrx_word' id='word_1_176' title='bbox 1109 3020 1211 3088; x_wconf 88' lang='lat' dir='ltr'><strong>Persii</strong></span> 
     </span>
    </p>
   </div>
   <div class='ocr_carea' id='block_1_8' title="bbox 188 3228 1212 4402">
    <p class='ocr_par' dir='ltr' id='par_1_8' title="bbox 188 3228 1212 4402">
     <span class='ocr_line' id='line_1_23' title="bbox 190 3228 1211 3302; baseline 0 -17"><span class='ocrx_word' id='word_1_177' title='bbox 190 3228 415 3294; x_wconf 81' lang='lat' dir='ltr'><strong>1Probarum,</strong></span> <span class='ocrx_word' id='word_1_178' title='bbox 441 3230 519 3283; x_wconf 87' lang='lat' dir='ltr'><strong>etiam</strong></span> <span class='ocrx_word' id='word_1_179' title='bbox 537 3247 642 3296; x_wconf 88' lang='lat' dir='ltr'><strong>eoram,</strong></span> <span class='ocrx_word' id='word_1_180' title='bbox 661 3231 704 3299; x_wconf 89' lang='lat' dir='ltr'><strong>qui</strong></span> <span class='ocrx_word' id='word_1_181' title='bbox 722 3228 840 3284; x_wconf 78' lang='lat' dir='ltr'><strong>doctrina</strong></span> <span class='ocrx_word' id='word_1_182' title='bbox 863 3234 1019 3299; x_wconf 79' lang='lat' dir='ltr'><strong>floruerunt,</strong></span> <span class='ocrx_word' id='word_1_183' title='bbox 1046 3231 1118 3300; x_wconf 74' lang='lat' dir='ltr'><strong>laras</strong></span> <span class='ocrx_word' id='word_1_184' title='bbox 1138 3234 1211 3302; x_wconf 81' lang='lat' dir='ltr'><strong>eopia</strong></span> 
     </span>
     <span class='ocr_line' id='line_1_24' title="bbox 220 3299 1212 3369; baseline 0.004 -19"><span class='ocrx_word' id='word_1_185' title='bbox 220 3299 365 3351; x_wconf 74' lang='lat' dir='ltr'><strong>acrioribus</strong></span> <span class='ocrx_word' id='word_1_186' title='bbox 383 3302 554 3368; x_wconf 80' lang='lat' dir='ltr'><strong>temporibus,</strong></span> <span class='ocrx_word' id='word_1_187' title='bbox 574 3316 646 3353; x_wconf 84' lang='lat' dir='ltr'><strong>nemo</strong></span> <span class='ocrx_word' id='word_1_188' title='bbox 663 3309 747 3352; x_wconf 80' lang='lat' dir='ltr'><strong>temen</strong></span> <span class='ocrx_word' id='word_1_189' title='bbox 767 3309 843 3352; x_wconf 85' lang='lat' dir='ltr'><strong>notas</strong></span> <span class='ocrx_word' id='word_1_190' title='bbox 861 3309 918 3366; x_wconf 85' lang='lat' dir='ltr'><strong>est,</strong></span> <span class='ocrx_word' id='word_1_191' title='bbox 938 3303 970 3353; x_wconf 82' lang='lat' dir='ltr'><strong>al</strong></span> <span class='ocrx_word' id='word_1_192' title='bbox 988 3316 1062 3369; x_wconf 78' lang='lat' dir='ltr'><strong>quen</strong></span> <span class='ocrx_word' id='word_1_193' title='bbox 1078 3306 1142 3355; x_wconf 85' lang='lat' dir='ltr'><strong>bace</strong></span> <span class='ocrx_word' id='word_1_194' title='bbox 1153 3317 1212 3369; x_wconf 83' lang='lat' dir='ltr'><strong>pro·</strong></span> 
     </span>
     <span class='ocr_line' id='line_1_25' title="bbox 220 3369 1211 3437; baseline 0.002 -16"><span class='ocrx_word' id='word_1_195' title='bbox 220 3369 343 3421; x_wconf 75' lang='lat' dir='ltr'><strong>habiliter</strong></span> <span class='ocrx_word' id='word_1_196' title='bbox 360 3369 522 3421; x_wconf 82' lang='lat' dir='ltr'><strong>delerentur.</strong></span> <span class='ocrx_word' id='word_1_197' title='bbox 552 3369 591 3421; x_wconf 87' lang='lat' dir='ltr'><strong>Dc</strong></span> <span class='ocrx_word' id='word_1_198' title='bbox 615 3369 698 3421; x_wconf 89' lang='lat' dir='ltr'><strong>Probo</strong></span> <span class='ocrx_word' id='word_1_199' title='bbox 721 3370 808 3437; x_wconf 80' lang='lat' dir='ltr'><strong>aliquo</strong></span> <span class='ocrx_word' id='word_1_200' title='bbox 830 3372 995 3436; x_wconf 79' lang='lat' dir='ltr'><strong>grammatias</strong></span> <span class='ocrx_word' id='word_1_201' title='bbox 1012 3373 1086 3424; x_wconf 81' lang='lat' dir='ltr'><strong>doato</strong></span> <span class='ocrx_word' id='word_1_202' title='bbox 1103 3374 1141 3424; x_wconf 80' lang='lat' dir='ltr'><strong>ita</strong></span> <span class='ocrx_word' id='word_1_203' title='bbox 1159 3373 1211 3425; x_wconf 79' lang='lat' dir='ltr'><strong>Ea·</strong></span> 
     </span>
     <span class='ocr_line' id='line_1_26' title="bbox 221 3436 1212 3507; baseline 0.006 -20"><span class='ocrx_word' id='word_1_204' title='bbox 221 3439 313 3488; x_wconf 77' lang='lat' dir='ltr'><strong>notius</strong></span> <span class='ocrx_word' id='word_1_205' title='bbox 330 3438 396 3505; x_wconf 88' lang='lat' dir='ltr'><strong>(epp.</strong></span> <span class='ocrx_word' id='word_1_206' title='bbox 416 3437 484 3501; x_wconf 82' lang='lat' dir='ltr'><strong>Vlli,</strong></span> <span class='ocrx_word' id='word_1_207' title='bbox 503 3437 566 3504; x_wconf 76' lang='lat' dir='ltr'><strong>21)a</strong></span> <span class='ocrx_word' id='word_1_208' title='bbox 595 3436 635 3490; x_wconf 84' lang='lat' dir='ltr'><strong>Ta</strong></span> <span class='ocrx_word' id='word_1_209' title='bbox 645 3438 770 3504; x_wconf 79' lang='lat' dir='ltr'><strong>feceras,</strong></span> <span class='ocrx_word' id='word_1_210' title='bbox 789 3439 863 3506; x_wconf 83' lang='lat' dir='ltr'><strong>qood</strong></span> <span class='ocrx_word' id='word_1_211' title='bbox 878 3443 1004 3506; x_wconf 86' lang='lat' dir='ltr'><strong>sapiens,</strong></span> <span class='ocrx_word' id='word_1_212' title='bbox 1024 3444 1073 3507; x_wconf 79' lang='lat' dir='ltr'><strong>pai</strong></span> <span class='ocrx_word' id='word_1_213' title='bbox 1089 3440 1143 3492; x_wconf 86' lang='lat' dir='ltr'><strong>soli</strong></span> <span class='ocrx_word' id='word_1_214' title='bbox 1163 3442 1212 3493; x_wconf 78' lang='lat' dir='ltr'><strong>alo·</strong></span> 
     </span>
     <span class='ocr_line' id='line_1_27' title="bbox 220 3505 1207 3576; baseline 0.003 -18"><span class='ocrx_word' id='word_1_215' title='bbox 220 3520 284 3558; x_wconf 78' lang='lat' dir='ltr'><strong>maa</strong></span> <span class='ocrx_word' id='word_1_216' title='bbox 307 3505 436 3570; x_wconf 86' lang='lat' dir='ltr'><strong>Probo,</strong></span> <span class='ocrx_word' id='word_1_217' title='bbox 463 3512 550 3558; x_wconf 87' lang='lat' dir='ltr'><strong>artem</strong></span> <span class='ocrx_word' id='word_1_218' title='bbox 563 3511 664 3558; x_wconf 80' lang='lat' dir='ltr'><strong>tenente·</strong></span> <span class='ocrx_word' id='word_1_219' title='bbox 673 3506 858 3574; x_wconf 79' lang='lat' dir='ltr'><strong>interducias,</strong></span> <span class='ocrx_word' id='word_1_220' title='bbox 872 3524 965 3560; x_wconf 87' lang='lat' dir='ltr'><strong>oersas</strong></span> <span class='ocrx_word' id='word_1_221' title='bbox 976 3524 1049 3561; x_wconf 89' lang='lat' dir='ltr'><strong>meos</strong></span> <span class='ocrx_word' id='word_1_222' title='bbox 1060 3511 1207 3576; x_wconf 70' lang='lat' dir='ltr'><strong>relegeras.</strong></span> 
     </span>
     <span class='ocr_line' id='line_1_28' title="bbox 219 3574 1210 3646; baseline 0.003 -20"><span class='ocrx_word' id='word_1_223' title='bbox 219 3600 255 3613; x_wconf 89' lang='lat'><strong>-</strong></span> <span class='ocrx_word' id='word_1_224' title='bbox 267 3574 295 3626; x_wconf 90' lang='lat' dir='ltr'><em>V</em></span> <span class='ocrx_word' id='word_1_225' title='bbox 293 3575 343 3626; x_wconf 80' lang='lat' dir='ltr'><strong>ads</strong></span> <span class='ocrx_word' id='word_1_226' title='bbox 359 3590 425 3640; x_wconf 73' lang='lat' dir='ltr'><strong>ergo</strong></span> <span class='ocrx_word' id='word_1_227' title='bbox 443 3575 480 3626; x_wconf 77' lang='lat' dir='ltr'><strong>ad</strong></span> <span class='ocrx_word' id='word_1_228' title='bbox 495 3575 620 3627; x_wconf 84' lang='lat' dir='ltr'><strong>domnam</strong></span> <span class='ocrx_word' id='word_1_229' title='bbox 632 3577 748 3628; x_wconf 80' lang='lat' dir='ltr'><strong>Probum</strong></span> <span class='ocrx_word' id='word_1_230' title='bbox 765 3600 798 3611; x_wconf 91' lang='lat'>-</span> <span class='ocrx_word' id='word_1_231' title='bbox 816 3583 845 3629; x_wconf 85' lang='lat' dir='ltr'><strong>et</strong></span> <span class='ocrx_word' id='word_1_232' title='bbox 862 3579 985 3630; x_wconf 78' lang='lat' dir='ltr'><strong>osculare</strong></span> <span class='ocrx_word' id='word_1_233' title='bbox 997 3579 1041 3629; x_wconf 84' lang='lat' dir='ltr'><strong>illi</strong></span> <span class='ocrx_word' id='word_1_234' title='bbox 1052 3593 1141 3646; x_wconf 75' lang='lat' dir='ltr'><strong>genas</strong></span> <span class='ocrx_word' id='word_1_235' title='bbox 1156 3595 1210 3646; x_wconf 84' lang='lat' dir='ltr'><strong>pra</strong></span> 
     </span>
     <span class='ocr_line' id='line_1_29' title="bbox 219 3640 1210 3707; baseline 0.005 -13"><span class='ocrx_word' id='word_1_236' title='bbox 219 3659 263 3694; x_wconf 90' lang='lat' dir='ltr'><strong>me</strong></span> <span class='ocrx_word' id='word_1_237' title='bbox 280 3648 308 3694; x_wconf 85' lang='lat' dir='ltr'><strong>et</strong></span> <span class='ocrx_word' id='word_1_238' title='bbox 325 3640 367 3694; x_wconf 82' lang='lat' dir='ltr'><strong>dia</strong></span> <span class='ocrx_word' id='word_1_239' title='bbox 384 3642 429 3694; x_wconf 83' lang='lat' dir='ltr'><strong>illi</strong></span> <span class='ocrx_word' id='word_1_240' title='bbox 436 3680 445 3707; x_wconf 94' lang='lat'><strong>,</strong></span> <span class='ocrx_word' id='word_1_241' title='bbox 471 3642 504 3694; x_wconf 86' lang='lat' dir='ltr'><strong>de</strong></span> <span class='ocrx_word' id='word_1_242' title='bbox 527 3644 576 3695; x_wconf 84' lang='lat' dir='ltr'><strong>illo</strong></span> <span class='ocrx_word' id='word_1_243' title='bbox 599 3649 722 3696; x_wconf 79' lang='lat' dir='ltr'><strong>eatrama</strong></span> <span class='ocrx_word' id='word_1_244' title='bbox 743 3661 821 3697; x_wconf 87' lang='lat' dir='ltr'><strong>uersa</strong></span> <span class='ocrx_word' id='word_1_245' title='bbox 842 3644 1020 3698; x_wconf 82' lang='lat' dir='ltr'><strong>Tarentiaaas</strong></span> <span class='ocrx_word' id='word_1_246' title='bbox 1036 3662 1079 3697; x_wconf 88' lang='lat' dir='ltr'><strong>me</strong></span> <span class='ocrx_word' id='word_1_247' title='bbox 1097 3646 1210 3699; x_wconf 70' lang='lat' dir='ltr'><strong>induxit</strong></span> 
     </span>
     <span class='ocr_line' id='line_1_30' title="bbox 220 3712 1210 3782; baseline 0.005 -20"><span class='ocrx_word' id='word_1_248' title='bbox 220 3715 249 3763; x_wconf 83' lang='lat' dir='ltr'><strong>ln</strong></span> <span class='ocrx_word' id='word_1_249' title='bbox 267 3712 315 3764; x_wconf 89' lang='lat' dir='ltr'><strong>illo</strong></span> <span class='ocrx_word' id='word_1_250' title='bbox 333 3712 473 3778; x_wconf 82' lang='lat' dir='ltr'><strong>eaemplo:</strong></span> <span class='ocrx_word' id='word_1_251' title='bbox 493 3713 636 3779; x_wconf 81' lang='lat' dir='ltr'><strong>Sissatar</strong></span> <span class='ocrx_word' id='word_1_252' title='bbox 652 3714 825 3782; x_wconf 67' lang='lat' dir='ltr'><strong>meramors,</strong></span> <span class='ocrx_word' id='word_1_253' title='bbox 843 3716 977 3781; x_wconf 82' lang='lat' dir='ltr'><strong>classique</strong></span> <span class='ocrx_word' id='word_1_254' title='bbox 992 3718 1118 3767; x_wconf 83' lang='lat' dir='ltr'><strong>immittit</strong></span> <span class='ocrx_word' id='word_1_255' title='bbox 1129 3717 1210 3767; x_wconf 79' lang='lat' dir='ltr'><strong>tabe·</strong></span> 
     </span>
     <span class='ocr_line' id='line_1_31' title="bbox 218 3780 1206 3852; baseline 0.005 -21"><span class='ocrx_word' id='word_1_256' title='bbox 218 3796 278 3832; x_wconf 77' lang='lat' dir='ltr'><strong>aas.</strong></span> <span class='ocrx_word' id='word_1_257' title='bbox 312 3780 406 3832; x_wconf 84' lang='lat' dir='ltr'><strong>Omnia</strong></span> <span class='ocrx_word' id='word_1_258' title='bbox 430 3786 518 3832; x_wconf 85' lang='lat' dir='ltr'><strong>tamon</strong></span> <span class='ocrx_word' id='word_1_259' title='bbox 543 3798 611 3847; x_wconf 84' lang='lat' dir='ltr'><strong>qaae</strong></span> <span class='ocrx_word' id='word_1_260' title='bbox 627 3782 741 3844; x_wconf 73' lang='lat' dir='ltr'><strong>sacrant</strong></span> <span class='ocrx_word' id='word_1_261' title='bbox 758 3783 842 3849; x_wconf 71' lang='lat' dir='ltr'><strong>digna</strong></span> <span class='ocrx_word' id='word_1_262' title='bbox 859 3788 1040 3846; x_wconf 79' lang='lat' dir='ltr'><strong>correctione,</strong></span> <span class='ocrx_word' id='word_1_263' title='bbox 1056 3785 1206 3852; x_wconf 76' lang='lat' dir='ltr'><strong>praeridit.</strong></span> 
     </span>
     <span class='ocr_line' id='line_1_32' title="bbox 218 3847 1208 3919; baseline 0.005 -18"><span class='ocrx_word' id='word_1_264' title='bbox 218 3847 256 3901; x_wconf 81' lang='lat' dir='ltr'><strong>lte</strong></span> <span class='ocrx_word' id='word_1_265' title='bbox 273 3850 360 3900; x_wconf 79' lang='lat' dir='ltr'><strong>eodem</strong></span> <span class='ocrx_word' id='word_1_266' title='bbox 379 3865 405 3900; x_wconf 86' lang='lat' dir='ltr'><strong>v.</strong></span> <span class='ocrx_word' id='word_1_267' title='bbox 424 3848 524 3901; x_wconf 78' lang='lat' dir='ltr'><strong>Eunai.</strong></span> <span class='ocrx_word' id='word_1_268' title='bbox 544 3866 649 3917; x_wconf 83' lang='lat' dir='ltr'><strong>persea.</strong></span> <span class='ocrx_word' id='word_1_269' title='bbox 669 3867 693 3918; x_wconf 91' lang='lat' dir='ltr'><strong>p.</strong></span> <span class='ocrx_word' id='word_1_270' title='bbox 709 3851 769 3903; x_wconf 83' lang='lat' dir='ltr'><strong>tto.</strong></span> <span class='ocrx_word' id='word_1_271' title='bbox 789 3868 846 3919; x_wconf 91' lang='lat' dir='ltr'><strong>epp.</strong></span> <span class='ocrx_word' id='word_1_272' title='bbox 860 3850 916 3918; x_wconf 82' lang='lat' dir='ltr'><strong>Vll,</strong></span> <span class='ocrx_word' id='word_1_273' title='bbox 929 3853 963 3905; x_wconf 81' lang='lat' dir='ltr'><strong>tt</strong></span> <span class='ocrx_word' id='word_1_274' title='bbox 975 3852 1009 3904; x_wconf 91' lang='lat' dir='ltr'><strong>ib.</strong></span> <span class='ocrx_word' id='word_1_275' title='bbox 1025 3850 1101 3906; x_wconf 79' lang='lat' dir='ltr'><strong>Sirra.</strong></span> <span class='ocrx_word' id='word_1_276' title='bbox 1120 3853 1208 3906; x_wconf 78' lang='lat' dir='ltr'><strong>Aliam</strong></span> 
     </span>
     <span class='ocr_line' id='line_1_33' title="bbox 218 3916 1210 3990; baseline 0.004 -21"><span class='ocrx_word' id='word_1_277' title='bbox 218 3916 328 3970; x_wconf 81' lang='lat' dir='ltr'><strong>Probum</strong></span> <span class='ocrx_word' id='word_1_278' title='bbox 347 3920 553 3970; x_wconf 82' lang='lat' dir='ltr'><strong>commemoravit</strong></span> <span class='ocrx_word' id='word_1_279' title='bbox 571 3920 622 3971; x_wconf 83' lang='lat' dir='ltr'><strong>lam</strong></span> <span class='ocrx_word' id='word_1_280' title='bbox 640 3919 777 3984; x_wconf 76' lang='lat' dir='ltr'><strong>Pithoeus,</strong></span> <span class='ocrx_word' id='word_1_281' title='bbox 800 3923 832 3972; x_wconf 79' lang='lat' dir='ltr'><strong>de</strong></span> <span class='ocrx_word' id='word_1_282' title='bbox 857 3936 906 3988; x_wconf 87' lang='lat' dir='ltr'><strong>quo</strong></span> <span class='ocrx_word' id='word_1_283' title='bbox 929 3921 992 3973; x_wconf 82' lang='lat' dir='ltr'><strong>bace</strong></span> <span class='ocrx_word' id='word_1_284' title='bbox 1009 3920 1102 3973; x_wconf 81' lang='lat' dir='ltr'><strong>scribit</strong></span> <span class='ocrx_word' id='word_1_285' title='bbox 1118 3920 1210 3990; x_wconf 76' lang='lat' dir='ltr'><strong>Lupus</strong></span> 
     </span>
     <span class='ocr_line' id='line_1_34' title="bbox 219 3985 1210 4056; baseline 0.007 -20"><span class='ocrx_word' id='word_1_286' title='bbox 219 3985 299 4037; x_wconf 80' lang='lat' dir='ltr'><strong>abbas</strong></span> <span class='ocrx_word' id='word_1_287' title='bbox 318 3987 386 4053; x_wconf 89' lang='lat' dir='ltr'><strong>(epp.</strong></span> <span class='ocrx_word' id='word_1_288' title='bbox 405 3986 458 4039; x_wconf 82' lang='lat' dir='ltr'><strong>XX</strong></span> <span class='ocrx_word' id='word_1_289' title='bbox 476 4004 500 4054; x_wconf 87' lang='lat' dir='ltr'><strong>p·</strong></span> <span class='ocrx_word' id='word_1_290' title='bbox 518 3987 614 4054; x_wconf 67' lang='lat' dir='ltr'><strong>27b0)2</strong></span> <span class='ocrx_word' id='word_1_291' title='bbox 634 3987 695 4041; x_wconf 84' lang='lat' dir='ltr'><strong>Noa</strong></span> <span class='ocrx_word' id='word_1_292' title='bbox 713 3992 867 4056; x_wconf 70' lang='lat' dir='ltr'><strong>scripsisti,</strong></span> <span class='ocrx_word' id='word_1_293' title='bbox 886 3990 951 4056; x_wconf 79' lang='lat' dir='ltr'><strong>qaid</strong></span> <span class='ocrx_word' id='word_1_294' title='bbox 965 3990 1100 4042; x_wconf 84' lang='lat' dir='ltr'><strong>Probas</strong></span> <span class='ocrx_word' id='word_1_295' title='bbox 1116 3997 1210 4043; x_wconf 85' lang='lat' dir='ltr'><strong>noster</strong></span> 
     </span>
     <span class='ocr_line' id='line_1_35' title="bbox 218 4055 1207 4125; baseline 0.007 -21"><span class='ocrx_word' id='word_1_296' title='bbox 218 4059 355 4118; x_wconf 76' lang='lat' dir='ltr'><strong>sacrarat,</strong></span> <span class='ocrx_word' id='word_1_297' title='bbox 372 4055 475 4106; x_wconf 85' lang='lat' dir='ltr'><strong>seilicst</strong></span> <span class='ocrx_word' id='word_1_298' title='bbox 486 4060 578 4107; x_wconf 89' lang='lat' dir='ltr'><strong>atram</strong></span> <span class='ocrx_word' id='word_1_299' title='bbox 590 4061 618 4107; x_wconf 84' lang='lat' dir='ltr'><strong>ia</strong></span> <span class='ocrx_word' id='word_1_300' title='bbox 630 4058 705 4108; x_wconf 86' lang='lat' dir='ltr'><strong>salta</strong></span> <span class='ocrx_word' id='word_1_301' title='bbox 719 4056 879 4109; x_wconf 71' lang='lat' dir='ltr'><strong>Germanias</strong></span> <span class='ocrx_word' id='word_1_302' title='bbox 896 4057 1055 4125; x_wconf 77' lang='lat' dir='ltr'><strong>disciplinas</strong></span> <span class='ocrx_word' id='word_1_303' title='bbox 1072 4060 1207 4121; x_wconf 86' lang='lat' dir='ltr'><strong>liberales,</strong></span> 
     </span>
     <span class='ocr_line' id='line_1_36' title="bbox 188 4123 1208 4197; baseline 0.008 -25"><span class='ocrx_word' id='word_1_304' title='bbox 188 4132 193 4143; x_wconf 88' lang='grc'><strong>’</strong></span> <span class='ocrx_word' id='word_1_305' title='bbox 218 4127 251 4172; x_wconf 83' lang='lat' dir='ltr'><strong>art</strong></span> <span class='ocrx_word' id='word_1_306' title='bbox 269 4125 339 4173; x_wconf 89' lang='lat' dir='ltr'><strong>serlo</strong></span> <span class='ocrx_word' id='word_1_307' title='bbox 357 4123 446 4174; x_wconf 80' lang='lat' dir='ltr'><strong>elicere</strong></span> <span class='ocrx_word' id='word_1_308' title='bbox 463 4125 560 4176; x_wconf 84' lang='lat' dir='ltr'><strong>solitas</strong></span> <span class='ocrx_word' id='word_1_309' title='bbox 577 4130 654 4189; x_wconf 89' lang='lat' dir='ltr'><strong>erat,</strong></span> <span class='ocrx_word' id='word_1_310' title='bbox 679 4126 772 4178; x_wconf 82' lang='lat' dir='ltr'><strong>ordine</strong></span> <span class='ocrx_word' id='word_1_311' title='bbox 794 4131 908 4191; x_wconf 86' lang='lat' dir='ltr'><strong>aarrat,</strong></span> <span class='ocrx_word' id='word_1_312' title='bbox 936 4141 971 4177; x_wconf 87' lang='lat' dir='ltr'><strong>aa</strong></span> <span class='ocrx_word' id='word_1_313' title='bbox 994 4133 1065 4178; x_wconf 89' lang='lat' dir='ltr'><strong>certe</strong></span> <span class='ocrx_word' id='word_1_314' title='bbox 1082 4132 1208 4197; x_wconf 76' lang='lat' dir='ltr'><strong>satyram</strong></span> 
     </span>
     <span class='ocr_line' id='line_1_37' title="bbox 218 4191 1207 4265; baseline 0.007 -23"><span class='ocrx_word' id='word_1_315' title='bbox 218 4191 390 4255; x_wconf 71' lang='lat' dir='ltr'><strong>inchoatam,</strong></span> <span class='ocrx_word' id='word_1_316' title='bbox 410 4192 484 4257; x_wconf 82' lang='lat' dir='ltr'><strong>qaod</strong></span> <span class='ocrx_word' id='word_1_317' title='bbox 499 4197 589 4259; x_wconf 77' lang='lat' dir='ltr'><strong>magis</strong></span> <span class='ocrx_word' id='word_1_318' title='bbox 607 4197 752 4260; x_wconf 80' lang='lat' dir='ltr'><strong>ear&#39;stimo,</strong></span> <span class='ocrx_word' id='word_1_319' title='bbox 770 4201 879 4247; x_wconf 82' lang='lat' dir='ltr'><strong>struens</strong></span> <span class='ocrx_word' id='word_1_320' title='bbox 899 4196 1053 4248; x_wconf 75' lang='lat' dir='ltr'><strong>Ciceronem</strong></span> <span class='ocrx_word' id='word_1_321' title='bbox 1070 4202 1098 4248; x_wconf 90' lang='lat' dir='ltr'><strong>et</strong></span> <span class='ocrx_word' id='word_1_322' title='bbox 1115 4196 1207 4265; x_wconf 70' lang='lat' dir='ltr'><strong>Virgi-</strong></span> 
     </span>
     <span class='ocr_line' id='line_1_38' title="bbox 218 4258 1207 4330; baseline 0.009 -21"><span class='ocrx_word' id='word_1_323' title='bbox 218 4258 284 4310; x_wconf 81' lang='lat' dir='ltr'><strong>lium</strong></span> <span class='ocrx_word' id='word_1_324' title='bbox 304 4263 476 4324; x_wconf 82' lang='lat' dir='ltr'><strong>caeterosque</strong></span> <span class='ocrx_word' id='word_1_325' title='bbox 492 4265 613 4326; x_wconf 87' lang='lat' dir='ltr'><strong>opinions</strong></span> <span class='ocrx_word' id='word_1_326' title='bbox 629 4266 686 4314; x_wconf 89' lang='lat' dir='ltr'><strong>eias</strong></span> <span class='ocrx_word' id='word_1_327' title='bbox 695 4265 904 4330; x_wconf 79' lang='lat' dir='ltr'><strong>probatissimos</strong></span> <span class='ocrx_word' id='word_1_328' title='bbox 915 4267 986 4316; x_wconf 87' lang='lat' dir='ltr'><strong>viros</strong></span> <span class='ocrx_word' id='word_1_329' title='bbox 1007 4268 1036 4315; x_wconf 85' lang='lat' dir='ltr'><strong>a&#39;a</strong></span> <span class='ocrx_word' id='word_1_330' title='bbox 1060 4265 1207 4318; x_wconf 81' lang='lat' dir='ltr'><strong>electorum</strong></span> 
     </span>
     <span class='ocr_line' id='line_1_39' title="bbox 218 4327 1207 4402; baseline 0.009 -24"><span class='ocrx_word' id='word_1_331' title='bbox 218 4327 361 4393; x_wconf 74' lang='lat' dir='ltr'><strong>collegium</strong></span> <span class='ocrx_word' id='word_1_332' title='bbox 379 4328 518 4380; x_wconf 80' lang='lat' dir='ltr'><strong>admittat.</strong></span> <span class='ocrx_word' id='word_1_333' title='bbox 551 4329 584 4381; x_wconf 80' lang='lat' dir='ltr'><strong>Et</strong></span> <span class='ocrx_word' id='word_1_334' title='bbox 599 4332 691 4384; x_wconf 88' lang='lat' dir='ltr'><strong>iterum</strong></span> <span class='ocrx_word' id='word_1_335' title='bbox 710 4335 777 4402; x_wconf 86' lang='lat' dir='ltr'><strong>(epp.</strong></span> <span class='ocrx_word' id='word_1_336' title='bbox 796 4331 913 4385; x_wconf 80' lang='lat' dir='ltr'><strong>XXXIV</strong></span> <span class='ocrx_word' id='word_1_337' title='bbox 931 4350 956 4400; x_wconf 91' lang='lat' dir='ltr'><strong>p.</strong></span> <span class='ocrx_word' id='word_1_338' title='bbox 974 4335 1069 4398; x_wconf 77' lang='lat' dir='ltr'><strong>lla.):</strong></span> <span class='ocrx_word' id='word_1_339' title='bbox 1089 4335 1207 4387; x_wconf 84' lang='lat' dir='ltr'><strong>Probare</strong></span> 
     </span>
    </p>
   </div>
   <div class='ocr_carea' id='block_1_9' title="bbox 217 4397 1208 4520">
    <p class='ocr_par' dir='ltr' id='par_1_9' title="bbox 217 4397 1208 4520">
     <span class='ocr_line' id='line_1_40' title="bbox 217 4397 1208 4469; baseline 0.008 -21"><span class='ocrx_word' id='word_1_340' title='bbox 217 4411 269 4448; x_wconf 84' lang='lat' dir='ltr'><strong>aon</strong></span> <span class='ocrx_word' id='word_1_341' title='bbox 289 4402 344 4447; x_wconf 87' lang='lat' dir='ltr'><strong>tam</strong></span> <span class='ocrx_word' id='word_1_342' title='bbox 363 4397 468 4462; x_wconf 81' lang='lat' dir='ltr'><strong>aliquid</strong></span> <span class='ocrx_word' id='word_1_343' title='bbox 484 4397 597 4449; x_wconf 81' lang='lat' dir='ltr'><strong>edidisse</strong></span> <span class='ocrx_word' id='word_1_344' title='bbox 614 4401 753 4468; x_wconf 79' lang='lat' dir='ltr'><strong>admiror,</strong></span> <span class='ocrx_word' id='word_1_345' title='bbox 772 4417 854 4469; x_wconf 81' lang='lat' dir='ltr'><strong>qaam</strong></span> <span class='ocrx_word' id='word_1_346' title='bbox 871 4416 925 4454; x_wconf 78' lang='lat' dir='ltr'><strong>aaa</strong></span> <span class='ocrx_word' id='word_1_347' title='bbox 937 4403 1059 4455; x_wconf 82' lang='lat' dir='ltr'><strong>amattas</strong></span> <span class='ocrx_word' id='word_1_348' title='bbox 1071 4406 1126 4455; x_wconf 81' lang='lat' dir='ltr'><strong>iam</strong></span> <span class='ocrx_word' id='word_1_349' title='bbox 1139 4410 1208 4456; x_wconf 81' lang='lat' dir='ltr'><strong>cers·-</strong></span> 
     </span>
     <span class='ocr_line' id='line_1_41' title="bbox 218 4465 626 4520; baseline 0.012 -5"><span class='ocrx_word' id='word_1_350' title='bbox 218 4465 296 4517; x_wconf 83' lang='lat' dir='ltr'><strong>beadi</strong></span> <span class='ocrx_word' id='word_1_351' title='bbox 310 4469 456 4519; x_wconf 80' lang='lat' dir='ltr'><strong>materiam</strong></span> <span class='ocrx_word' id='word_1_352' title='bbox 473 4467 626 4520; x_wconf 79' lang='lat' dir='ltr'><strong>abstulissc.</strong></span> 
     </span>
    </p>
   </div>
   <div class='ocr_carea' id='block_1_10' title="bbox 0 0 1292 5054">
    <p class='ocr_par' dir='ltr' id='par_1_10' title="bbox 0 0 1292 5054">
     <span class='ocr_line' id='line_1_42' title="bbox 0 0 1292 5054; baseline 0 2"><span class='ocrx_word' id='word_1_353' title='bbox 0 0 1292 5054; x_wconf 95' lang='lat' dir='ltr'><strong> </strong></span> 
     </span>
    </p>
   </div>
  </div>
 </body>
</html>
