2574 5054
403 704 767 772 enotuoottuua.
1048 733 1088 777 er

70 889 145 945 terea
157 885 260 945 oeten
275 877 326 945 bie
340 876 510 945 observare
523 877 615 959 licet,
632 889 701 955 'nou
715 879 883 964 neglectam
900 899 971 946 esse
984 902 1003 946 a
1017 881 1082 969 pbi-

67 980 210 1066 losophis,
225 980 266 1046 iia
280 979 460 1066 praesertim
474 981 524 1065 poi
539 981 668 1048 etbicam
685 992 872 1060 tractarunt,
894 982 973 1050 hauc
987 995 1082 1051 artem

67 1084 234 1167 exemplae
258 1083 320 1149 vite
346 1082 441 1169 petite
469 1083 593 1150 mimice
616 1085 869 1171 repraesentandi
898 1096 988 1170 atque
1015 1087 1083 1174 illu·

65 1186 172 1251 straudi
192 1193 216 1249 ¹.
255 1182 326 1269 Quo
347 1184 447 1251 miuus
469 1185 577 1253 mirum
603 1197 670 1268 est,
700 1186 839 1254 Persium
866 1207 983 1272 quoque
1011 1187 1082 1253 binc

64 1289 246 1374 potissimum
262 1288 427 1367 sumsisse,
452 1288 559 1373 quibus
580 1289 690 1355 satiras
712 1290 990 1356 suas'illumiuur'et
1011 1299 1081 1357 ete

63 1389 302 1476 pbilosopborum
325 1391 484 1456 auditoriis
505 1392 538 1456 iu
558 1391 659 1457 vitem'
675 1402 706 1457 et
722 1393 971 1458 cousuetudinem
987 1392 1083 1458 bomi-

63 1513 126 1558 nem
146 1494 336 1572 deduceret,
360 1515 427 1559 eum
449 1495 627 1579 praesertim
652 1493 861 1560 Romanorum
891 1494 984 1560 satira
1013 1517 1080 1560 cum

62 1596 153 1662 minis
168 1608 280 1663 natura
294 1617 351 1662 sua
366 1596 457 1661 multa
472 1597 642 1662 eommunia
658 1597 803 1677 baberet,
826 1608 857 1662 et
872 1598 947 1661 baec
962 1597 1081 1663 mimica

60 1719 122 1776 are,
148 1698 290 1764 omnibus
309 1707 416 1785 grem,
447 1698 543 1784 magis
572 1700 727 1786 magisque
756 1700 854 1765 lucum
884 1699 1038 1765 obtineret
1054 1707 1089 1769 ²..

60 1797 159 1886 ltaque
175 1821 255 1886 quae
270 1801 307 1865 de
322 1801 420 1868 mimis
435 1801 524 1865 modo
540 1801 702 1867 observata
717 1812 806 1882 sunt,
830 1823 867 1868 ea
891 1802 992 1866 omunia
1014 1804 1081 1868 lere

60 1903 92 1968 le
107 1902 220 1970 Persio
235 1903 351 1968 velem.
380 1901 469 1969 Etim
484 1903 657 1971 uuiversum
673 1905 730 1969 iam
753 1903 897 1969 monitum
921 1915 988 1983 est,
1010 1925 1078 1969 eum

60 2006 196 2092 exemplu
209 2006 254 2070 ite
273 2004 465 2082 describere,
490 2015 523 2070 ut
542 2007 693 2072 sermonis
716 2028 891 2091 morumque
912 2006 1079 2090 diligentis-

60 2104 129 2170 sime
155 2105 279 2171 ratione
307 2104 411 2171 babile
438 2105 575 2173 bomines
605 2110 690 2192 quasi
711 2110 853 2174 viventes
880 2119 912 2174 et
937 2109 1079 2193 vigentes

61 2206 141 2272 uobis
155 2217 230 2273 ante
246 2208 351 2274 oculos
365 2219 469 2293 ponet.
499 2206 568 2292 Qua
583 2211 614 2274 iu
629 2231 664 2275 rc
680 2232 716 2275 eo
733 2231 854 2295 semper
867 2221 1001 2275 attentus
1017 2221 1077 2290 est,

60 2308 209 2395 atquibus
224 2309 363 2376 externis
378 2311 495 2396 signis,
518 2312 625 2397 quibus
648 2312 803 2396 gestibus,
827 2334 886 2397 quo
908 2314 992 2377 vultu
1014 2314 1083 2377 ani·-

60 2434 118 2477 uus
133 2411 289 2477 bominum
304 2434 338 2479 se
354 2412 481 2499 praebet
501 2416 768 2500 cognoscendum,
794 2415 956 2498 diligenter
977 2416 1078 2499 expri-

59 2527 134 2594 met,
157 2526 193 2580 ut
215 2515 313 2600 ipsum
334 2515 484 2580 bominem
499 2517 606 2581 videre
626 2516 795 2581 videamur.
835 2515 902 2581 Huc
925 2518 1079 2604 pertinent

59 2617 192 2682 iracundi
212 2639 337 2704 rugoso
357 2639 459 2682 eunuc
485 2616 542 2703 (V,
563 2617 641 2704 91),
670 2619 831 2684 ridentium
856 2622 985 2684 tremuli
1001 2641 1078 2684 nuuc

59 2721 215 2806 muipunte
228 2719 376 2785 euobieeni
387 2718 536 2803 (lll,87),
553 2721 742 2786 irridentium
759 2719 1076 2806 snnnae(l,58sqq.),

60 2823 223 2909 zelotypus,
240 2822 289 2908 qui
305 2821 433 2887 crudum
449 2843 584 2910 nugacem
600 2823 726 2887 obrodit
740 2821 797 2902 (V,
813 2822 910 2907 102),
929 2837 959 2890 et
974 2837 1075 2910 poeto,

60 2927 102 3008 qui
111 2927 258 3012 pluteum
272 2923 377 2991 coedit
390 2934 421 2989 et
443 2946 566 3010 ungues
584 2926 707 2990 mordct
720 2923 761 3007 (l,
782 2923 870 3008 toti).
903 2928 970 2993 Huc
985 2929 1078 3014 perti-

60 3037 106 3092 uet
120 3027 366 3113 pbilosophorum
382 3027 660 3092 meditabundurum
677 3028 803 3094 ridicula
818 3029 980 3114 descriptio
1000 3027 1075 3112 (Ill,

60 3127 95 3194 80
108 3131 209 3215 squ),
238 3128 403 3212 ararique,
434 3128 484 3212 qui
511 3131 638 3216 organum
666 3133 698 3194 in
730 3129 841 3216 cupido
869 3153 947 3195 nuso
970 3133 1077 3214 letigit

61 3232 168 3318 ίσςιισ
190 3228 360 3316 (v1‚17)‚
384 3242 417 3297 et
431 3232 614 3316 crapulantis
629 3232 729 3312 illius,
753 3232 837 3297 cuius
858 3233 966 3296 luseum
982 3243 1080 3319 caput

62 3355 208 3423 compage
227 3335 334 3401 solutu
356 3337 470 3400 oem'tut
490 3334 669 3419 basternam
692 3333 821 3398 dumus
836 3334 972 3422 undiquc
986 3335 1078 3399 caulis

64 3505 124 3559 ille
141 3506 253 3571 dielogie
276 3505 417 3558 Soeretieia
441 3515 518 3575 etque
541 3507 681 3560 Platonicis
706 3507 756 3558 ium
774 3508 900 3572 vidimus,
927 3516 953 3559 et
970 3511 1078 3564 Arriani

88 3592 187 3656 queque
212 3576 422 3657 dissertationum
445 3577 539 3629 mentio
557 3578 608 3629 iem
628 3576 696 3628 lucta
714 3583 764 3629 est.
800 3577 967 3659 Memorabile
985 3588 1025 3633 est
1050 3581 1076 3631 in

10 3762 15 3788 ,
87 3646 283 3775 tellit,
302 3645 1078 3784 titllnllzttlttlr,llll‘llllltlttltz

90 3777 118 3833 dl
141 3801 240 3853 φησιν,
273 3779 449 3851 θεόφραστον
474 3784 673 3853 παραγίνεσθαι
698 3775 735 3833 εἶν
756 3781 805 3835 τὸν
829 3784 981 3852 περίπατον
1005 3783 1074 3839 καθ’

90 3847 160 3934 §per
176 3848 304 3933 λαμπρὸν
319 3857 363 3903 καὶ
379 3849 575 3935 ἐξησκημένον,
589 3848 648 3902 εἶτα
664 3853 817 3904 καθίσαντα
835 3847 1012 3906 διατίθεσθαι
1028 3853 1078 3907 τὸν

810 3917 816 3937 t

89 3932 162 3990 tepor
185 3915 316 4004 σνδσιιιᾶι
341 3918 511 4004 ἀπιχσξιενσν
531 3918 658 4004 κινήσεως
683 3915 745 3972 οὐδὲ
770 3939 905 4041 oppeteret
931 3919 1005 3977 e'uo'c·
1032 3925 1079 3976 καί

816 3989 827 4004 u

814 4013 820 4032 t

90 4008 152 4073 cepte
170 4006 325 4123 ἇζσφσγσν
353 4007 523 4057 μιμουμενσν
545 3987 685 4061 ιξιίρσντα
709 3987 791 4059 τὴνγ
818 4007 895 4042 ισσαν
918 3987 1077 4059 περιλείχειν

90 4078 121 4109 ιιι
139 4077 168 4122 ιε
217 4096 224 4110 .

65 4127 152 4180 illese
176 4129 245 4180 dixit
267 4125 302 4179 bl.
329 4128 474 4180 Antoninus
496 4126 553 4194 (xl,
574 4128 602 4194 6)
631 4135 762 4195 postquem
786 4127 906 4195 antiquae
931 4131 1077 4183 compedire

90 4193 288 4284 nedepuopcmiv
307 4195 460 4281 πσρῥησίσν
483 4198 707 4249 commemoravit:
733 4193 773 4246 Ἡ
791 4196 838 4247 νέα
861 4193 989 4263 κωμῳδία
1007 4196 1078 4265 -ἢ

90 4265 143 4318 m'
165 4263 258 4335 σλίγσν
280 4261 325 4316 ι’πί
348 4284 399 4332 την
422 4261 452 4317 ιἰι
474 4262 612 4332 μιμήσεως
636 4262 804 4334 φιλοτεχνίαν
828 4263 956 4336 ὖπεῤῥὺη.
998 4269 1076 4334 Atqui

91 4335 168 4389 Persii
193 4336 312 4400 utiree,
335 4336 357 4387 ai
376 4352 391 4387 a
410 4337 492 4403 prime
509 4335 657 4400 abstinens,
685 4335 773 4386 multis
797 4333 823 4384 iu
842 4335 919 4388 rebus
937 4352 1018 4389 uovue
1036 4353 1077 4388 eo·

91 4408 201 4459 uredine
220 4405 308 4474 potius
326 4406 467 4473 compereri
487 4412 612 4474 possunt,
632 4419 706 4470 quem
725 4404 857 4469 antiques.
