2574 5054
124 778 200 821 xnus
448 753 816 820 enotucottnnn.

126 927 275 991 tractandi
291 925 368 991 ratio
383 937 519 1012 apparet.
544 923 605 1009 Qui
622 927 690 990 dnm
706 926 795 991 nimis
810 925 908 1006 nuda,
926 936 959 991 et
973 947 1037 990 non
1053 925 1149 990 dicam

126 1027 241 1109 libera,
266 1030 319 1095 sed
340 1030 426 1093 rudia
447 1029 543 1095 verba
565 1039 708 1114 usurpat,
736 1029 810 1093 satis
833 1020 1022 1093 demonstrat
1040 1027 1149 1092 horro-

126 1152 211 1208 rem,
237 1153 294 1216 qno
317 1132 415 1195 honus
438 1132 557 1196 invenis
580 1143 611 1196 et
633 1143 716 1196 casta
739 1150 907 1214 severaque
921 1130 1081 1216 disciplina
1096 1130 1150 1192 irn-

127 1233 233 1314 hntus‚
251 1235 324 1298 vitia
340 1234 548 1311 abominatur,
569 1235 607 1298 de
624 1233 731 1318 quihus
747 1231 839 1296 lando
854 1231 991 1317 accepit,
1016 1242 1049 1296 et
1063 1251 1150 1314 qnem

128 1336 217 1400 nimis
240 1336 362 1400 sortiter
388 1347 473 1421 putat
498 1336 626 1420 exprimi
655 1356 716 1399 non
745 1353 854 1420 posse,
877 1332 1056 1418 praesertim
1083 1353 1151 1396 enm

127 1437 248 1515 videat,
273 1438 361 1501 etiam
379 1459 433 1503 eos
448 1439 634 1523 scriptores,
656 1457 783 1522 qnorum
798 1436 969 1521 exemplum
983 1435 1151 1508 aemulatus

129 1549 194 1617 est,
219 1539 290 1627 talia
306 1550 467 1604 tractasse.

215 1673 354 1741 Persium
384 1675 507 1761 pulchra
531 1680 628 1742 lorma
649 1679 742 1743 luisse
769 1688 874 1742 narrat
894 1678 969 1742 vita.
1015 1673 1150 1739 Exstare

130 1779 278 1862 hodieque
301 1779 366 1843 eins
388 1780 548 1865 imaginem
578 1781 628 1845 diu
658 1780 804 1846 creditum
839 1789 898 1843 est.
936 1776 1150 1863 Anaglyphum

130 1881 246 1963 egregii
260 1880 373 1944 lahoris
389 1883 574 1967 conspicitur
588 1904 669 1948 nnnc
684 1884 716 1947 in
730 1883 803 1947 villa
815 1881 926 1945 Albani
942 1879 997 1961 (ci.
1014 1876 1149 1942 Indicaz.

130 1982 224 2064 antiq.
242 1980 382 2064 1584),
405 1985 482 2067 qnod
500 1985 659 2068 imaginem
676 1985 736 2050 viri
751 1993 901 2050 monstrat
920 1979 1039 2046 barbati
1062 1990 1152 2064 atque

131 2084 245 2148 hedera
269 2087 417 2149 coronati.
459 2083 553 2149 Card.
580 2084 763 2166 Sadoletns,
787 2087 836 2170 qni
859 2084 929 2149 olim
951 2084 981 2147 id
1004 2083 1152 2168 possedit,

131 2186 246 2284 hedera
267 2199 385 2274 poetam
408 2189 572 2274 significari
595 2191 729 2273 putavit,
754 2200 785 2253 et
810 2211 877 2254 cnm
899 2187 1000 2251 vultus
1024 2185 1153 2250 decorus

131 2293 366 2370 verecundiam,
391 2312 478 2376 quam
502 2292 532 2355 in
556 2290 664 2357 Persio
694 2291 885 2357 commendat
913 2288 993 2368 vita,
1017 2307 1090 2373 prae
1120 2308 1153 2351 se

131 2395 213 2458 serre
237 2394 413 2474 videretur,
436 2395 597 2479 imaginem
620 2395 698 2459 hanc
719 2392 820 2460 Persii
841 2412 909 2457 esse
931 2391 988 2456 sibi
1005 2389 1157 2477 persuasit

134 2506 165 2560 et
186 2493 320 2578 Ursino,
345 2498 393 2580 qni
416 2521 482 2564 eam
507 2499 564 2562 hoc
585 2497 706 2561 nomine
729 2498 811 2562 inter
837 2496 985 2580 imagines
1013 2490 1156 2557 exhibuit

132 2594 171 2678 (t.
191 2595 297 2679 Clll),
322 2601 401 2666 unde
418 2602 469 2665 alii
485 2601 694 2686 repetiverunt
715 2598 845 2682 (Bellori
860 2598 972 2682 imagg.
989 2604 1085 2680 poett.
1101 2592 1152 2658 58.

135 2697 234 2762 Gron.
256 2700 336 2766 thes.
360 2714 424 2767 ant.
450 2702 507 2768 Gr.
533 2700 628 2782 till,
645 2702 749 2784 aaa),
773 2702 864 2766 etiam
887 2698 987 2763 Persii
1007 2697 1153 2774 editores,

134 2801 307 2885 nuperrime
330 2803 499 2870 Achaintre
520 2817 591 2869 anto
612 2807 785 2871 versionem
810 2801 912 2868 Selisii
936 2797 1024 2881 (Par.
1044 2795 1154 2880 1822).

135 2900 233 2984 Quam
250 2926 352 2989 parum
371 2908 454 2971 lirma
469 2921 647 2994 argumenta
663 2908 740 2988 sint,
765 2928 840 2991 qnae
863 2925 917 2991 pro
933 2903 989 2967 hac
1003 2899 1157 2967 sententia

135 3005 225 3070 allata
241 3019 332 3087 sunt,
349 3021 484 3094 apparet.
515 3010 793 3076 Winckelmannus
809 3028 884 3073 vero
901 3006 1028 3070 lortiora
1044 3001 1156 3078 attulit,

136 3129 212 3191 qnae
235 3120 341 3174 contra
361 3112 466 3176 valent
487 3115 572 3197 (opp.
590 3123 612 3175 t.
632 3109 724 3191 v1‚1
743 3133 772 3195 p.
789 3109 852 3176 255
868 3112 947 3193 sp),
970 3105 1069 3171 videri
1084 3105 1159 3168 ima·

136 3210 235 3295 ginem
259 3212 315 3276 viri
338 3225 439 3278 aetate
462 3215 680 3299 provectioris,
705 3235 791 3296 quam
815 3213 871 3276 luit
893 3208 1040 3287 Persius,
1071 3226 1159 3290 quem

136 3335 193 3379 nec
215 3314 309 3379 barba
339 3317 480 3396 deceret,
505 3339 591 3401 qnam
615 3314 752 3380 Neronis
782 3326 917 3399 tempore
946 3332 1008 3374 non
1038 3308 1162 3374 alebant

137 3416 197 3481 nisi
213 3418 332 3483 delicati
355 3419 410 3504 (ci.
429 3428 591 3484 comment.
609 3420 646 3482 ad
662 3414 720 3496 lv,
737 3415 779 3481 36
795 3438 824 3501 p.
843 3413 930 3495 176).
963 3411 1053 3495 Quod
1075 3410 1159 3474 addi-

138 3520 248 3582 derunt
269 3519 521 3585 Wiuchelmanni
544 3520 694 3596 editores,
723 3520 833 3604 stylum
856 3515 1018 3602 anaglyphi
1042 3526 1161 3599 tempus

136 3622 181 3688 Μ.
200 3625 319 3690 Aurelii
335 3623 433 3706 potius
449 3622 612 3687 ostendere
634 3622 669 3707 (l.
686 3623 708 3685 l.
725 3617 783 3695 vl,
799 3619 821 3684 2
836 3643 866 3706 p.
884 3617 973 3703 317),
996 3616 1072 3682 nihil
1088 3617 1163 3682 iacit

138 3728 174 3793 ad
203 3739 338 3792 nostram
369 3748 453 3791 rema
484 3724 580 3809 potuit
613 3724 693 3788 euim
721 3720 822 3787 Persii
856 3724 955 3807 imago
990 3721 1162 3806 posteriore

138 3851 256 3914 qnoque
279 3841 416 3915 tempore
445 3827 593 3910 exsculpi.
657 3824 778 3910 Optime
805 3845 879 3890 aere
907 3844 1087 3909 expressum
1116 3832 1165 3887 est

139 3934 339 4018 anaglyphum
367 3932 400 3995 in
432 3932 558 4016 egregio
595 3927 719 4013 Zoegac
754 3949 847 4013 opere
885 3926 940 4012 (Li
974 3924 1164 3991 Bassirilievi

139 4033 251 4096 antichi
274 4034 304 4096 di
318 4032 418 4096 Roma
438 4029 470 4094 11
485 4043 508 4096 t.
534 4031 629 4114 115),
660 4051 718 4113 qno
740 4031 809 4094 loco
833 4050 872 4094 ue
895 4031 960 4093 eins
980 4029 1164 4092 sententiam

140 4133 313 4198 audiremus
341 4134 499 4200 immatura
527 4154 609 4198 mors
640 4132 758 4196 effecit:
783 4132 850 4195 eine
879 4131 969 4195 dubio
996 4127 1165 4194 Winclel-

141 4235 244 4299 manni
273 4233 361 4298 dubia
382 4235 539 4320 probavit,
570 4247 602 4299 ut
624 4235 697 4300 lecit
717 4232 859 4298 Visconti
887 4230 1044 4318 (lconogr.
1070 4230 1164 4296 Rom.

141 4349 165 4402 t.
192 4335 222 4400 11
244 4361 275 4423 p.
299 4335 363 4401 430
384 4338 433 4402 ed.
456 4335 554 4422 Mil).
593 4338 702 4401 Altera
724 4337 824 4421 imago
847 4334 947 4400 Persii
971 4355 1083 4400 nomen
1106 4337 1168 4398 lert

142 4443 172 4506 in
202 4452 339 4526 protome
370 4442 465 4504 musei
497 4437 660 4525 Capitolini
690 4436 732 4521 (l,
754 4450 776 4504 t.
801 4438 920 4524 29),et
947 4437 1043 4502 altera
1074 4436 1166 4500 villae
