2574 5054
507 739 589 800 SA'I.
607 742 628 813 l,
659 744 678 801 5
697 774 734 785 ·-
752 745 780 801 7.
1114 737 1157 804 79

135 911 202 970 tm.
220 909 256 982 V,
272 913 303 982 3,
317 913 349 970 8.
381 944 425 955 -
453 911 531 971 Duos
552 931 653 972 versus
675 911 841 970 Homericos
866 910 909 984 (Il.
925 911 964 983 X,
991 915 1060 973 100.
1083 916 1155 986 105)

135 996 181 1055 bic
196 995 326 1074 respexit
340 1007 432 1073 poeta,
449 998 547 1077 quibus
570 1007 686 1076 praeter
698 995 901 1068 Aristotelem,
923 999 1003 1056 euius
1018 998 1096 1057 locos
1112 999 1155 1057 in-

135 1079 241 1141 tlieavit
257 1081 348 1158 lleym
363 1078 400 1140 nil
416 1082 497 1142 llom.
515 1083 534 1142 l.
546 1083 576 1152 l.,
592 1085 675 1143 etlam
692 1083 794 1142 Cicero
809 1102 876 1141 usus
890 1093 944 1152 est,
957 1102 1022 1161 epp.
1039 1081 1074 1141 nd
1089 1082 1152 1145 Ao.

135 1167 171 1237 II,
186 1171 216 1236 5,
230 1170 265 1228 I:
295 1168 358 1225 Sed
379 1168 433 1225 boe
447 1178 576 1245 tempore
588 1178 617 1227 et
632 1169 678 1226 bis
691 1169 871 1226 mittentibus
892 1165 1032 1244 αἰδέομαι
1047 1170 1157 1250 Τρῶας

135 1249 189 1310 καὶ
206 1246 358 1332 Τρωάδας
372 1251 609 1323 ἑλκεσιπέπλους.
639 1255 717 1330 Quid
737 1258 812 1311 emm
834 1254 933 1312 nostri
950 1255 1114 1331 optimates,
1129 1255 1160 1312 si

135 1338 191 1414 qui
202 1338 398 1414 reliqaisunt‚
414 1339 593 1415 loquentur?
612 1356 650 1396 ου
665 1358 709 1395 me
733 1340 831 1416 aliqua
842 1340 975 1416 praemia
991 1340 1027 1397 de
1041 1348 1156 1397 senten·

135 1423 179 1480 tia
200 1440 263 1479 esse
282 1423 460 1481 deductum?
478 1419 685 1501 Πουλυδάμας
704 1444 756 1500 μοι
778 1423 898 1502 πρῶτον
917 1420 1062 1502 ἐλεγχείην
1084 1418 1156 1482 ἀνα-

133 1502 240 1579 θήσει,
258 1507 330 1565 Cuto
346 1508 512 1567 ilienoster.
533 1508 571 1566 Et
585 1528 650 1587 epp.
667 1507 702 1566 ab
716 1510 776 1567 Att.
799 1507 862 1577 VII,
879 1514 908 1580 1,
923 1513 960 1569 t:
1002 1505 1157 1584 Λίδέομαι

134 1610 194 1650 non
206 1593 371 1668 Pompeiam
394 1596 477 1652 modo
497 1596 551 1653 sed
571 1595 680 1675 Τρῶας
693 1592 744 1651 nai
766 1588 928 1674 Pometiae,
951 1588 1158 1668 Πουλυδάμας

134 1696 190 1752 μοι
199 1677 320 1756 πρῶτον
334 1674 480 1757 ἐλεγχείην
495 1674 655 1751 ἀναθήσει.
683 1680 777 1754 Quis?
790 1688 822 1736 tu
837 1679 899 1754 ipse
915 1679 1035 1738 scib'cet.
1059 1674 1104 1736 ct.
1119 1677 1156 1737 οδ

133 1760 196 1819 Art.
212 1760 288 1833 VIII,
306 1766 356 1833 16,
371 1768 408 1825 2:
431 1765 607 1832 Sedtamcn,
617 1765 869 1841 quicunquesunt‚
886 1760 1026 1839 αἰδέομαι
1033 1763 1155 1844 Τρῶας.

133 1845 251 1905 Acerbe
274 1858 366 1906 nutem
392 1850 533 1908 Troiades
548 1851 643 1928 ponit,
659 1860 690 1907 ut
703 1850 845 1907 mollitIem
863 1848 942 1906 simul
958 1858 1067 1926 carpat,
1083 1849 1157 1907 sieut

134 1934 162 1990 in
179 1933 326 1991 notissimo
342 1934 389 1991 illo
404 1929 568 2012 Ἀχαιΐδες,
586 1929 678 1993 οὐκέτ’
698 1930 817 2012 Ἀχαιοί
830 1934 922 2006 (Hom.
938 1933 969 1992 Il.
985 1937 1017 2010 β,
1034 1937 1107 1995 236.
1121 1956 1155 2006 η,

135 2019 200 2086 06),
216 2028 265 2075 cot
286 2017 443 2096 virgiliano
470 2019 555 2092 (Aen.
578 2018 629 2088 IX,
652 2022 745 2091 617)ι
780 2021 883 2077 overe
898 2019 1049 2095 Phrygiae
1063 2037 1156 2096 neque

134 2104 211 2160 eurio
225 2104 368 2180 Phryges.
386 2104 485 2164 Potest
499 2107 583 2163 etiam
594 2104 666 2172 lieri,
681 2116 711 2162 ut
721 2104 835 2163 Persius
852 2104 905 2162 boc
920 2104 1008 2163 verbo
1023 2103 1157 2162 nobilium

135 2185 323 2247 Romanorum
347 2192 450 2248 fastum
473 2189 593 2249 irridere
617 2189 752 2259 voluerit,
773 2191 819 2269 qui
842 2190 980 2267 originem
1002 2209 1019 2248 n
1042 2189 1155 2248 Troicis

135 2272 250 2331 familiis
273 2272 320 2346 (δο
336 2276 435 2353 quibus
450 2276 545 2335 Varro
560 2276 675 2352 scripsit
690 2274 772 2333 Serv.
789 2272 824 2332 ad
839 2274 921 2352 Virg.
937 2272 1010 2333 Aen.
1026 2274 1063 2345 V,
1080 2277 1155 2346 704)

133 2358 313 2435 repetebant,
331 2359 402 2419 uncle
422 2362 605 2438 Troiugenas
619 2371 665 2418 ter
686 2370 771 2419 vocat
786 2358 923 2418 luvenalis
941 2359 974 2432 (I,
992 2363 1062 2422 100.
1079 2358 1156 2430 VIII,

137 2447 208 2504 181.
224 2443 274 2515 XI,
297 2449 361 2517 95).
384 2445 428 2504 Ile
448 2449 533 2506 Attio
553 2446 687 2504 Labeone
712 2446 777 2502 nihil
799 2456 893 2507 notum
920 2456 982 2515 est,
1004 2446 1059 2512 nisi
1082 2443 1156 2523 quod

135 2527 225 2587 scltol.
241 2529 341 2598 client,
365 2550 428 2589 eum
444 2532 556 2590 Homeri
571 2527 686 2589 Iliadem
702 2541 731 2589 et
747 2529 904 2610 Odysseetn
920 2531 1015 2610 inepte
1031 2540 1155 2590 munstu-

134 2612 214 2685 lisse,
230 2615 268 2672 ci.
284 2635 310 2673 v.
328 2620 379 2685 50,
398 2621 458 2679 122
473 2637 515 2696 sq.

221 2720 247 2756 r.
266 2703 294 2762 6.
311 2707 431 2778 nugae!
468 2701 641 2777 Itanugasl
668 2700 740 2778 aputl
757 2702 882 2761 Plautum
897 2702 981 2761 llIost.
997 2701 1035 2772 V,
1059 2707 1086 2770 1,
1102 2704 1153 2763 31.

135 2782 217 2843 Pers.
234 2785 284 2854 IV,
300 2790 330 2854 7,
345 2790 375 2847 8.
403 2820 447 2832 -
474 2786 562 2844 Ilomn
579 2788 716 2857 turbida,
741 2808 813 2867 quoe
830 2788 865 2845 ob
882 2798 1046 2865 perpetuam
1062 2788 1154 2863 agitn-

134 2871 240 2929 tionem
263 2873 393 2929 trutinam
411 2873 482 2931 iuste
506 2875 627 2950 exigere
643 2880 750 2950 nequit,
767 2875 789 2932 si
807 2873 870 2952 quial
886 2874 982 2931 eleuat
995 2874 1013 2930 i.
1030 2891 1056 2931 e.
1073 2872 1155 2930 dnm·

134 2964 184 3012 net
199 2962 283 3034 (quae
299 2957 467 3032 significatio
487 2969 516 3016 ut
531 2958 655 3034 vulgaris
679 2969 734 3029 est,
756 2979 783 3016 v.
800 2959 885 3034 Prop.
908 2956 955 3026 III,
971 2961 1008 3019 31
1028 2957 1072 3034 [ΙΙ.
1089 2957 1154 3034 33],

133 3043 176 3101 44
185 3065 193 3110 3
203 3045 243 3102 32
255 3043 327 3119 [31],
336 3046 388 3103 58.
398 3042 494 3101 Burm.
505 3044 539 3101 nd
548 3042 669 3102 Phaedr.
677 3043 723 3113 III,
734 3049 783 3113 10,
792 3049 821 3104 7.
830 3043 976 3103 Drakenb.
987 3041 1094 3103 etILiv.
1104 3040 1156 3114 IX,

134 3129 187 3197 37,
204 3129 233 3196 6,
249 3130 288 3184 tta
304 3127 366 3186 huic
383 3128 445 3186 loeo
461 3131 582 3187 trutinae
604 3149 690 3187 cause
707 3131 860 3200 convenit),
877 3149 931 3186 non
947 3126 1086 3197 accedas,
1103 3146 1153 3186 ne·

134 3231 189 3291 que
205 3214 316 3270 omnino
339 3225 500 3291 corruptum
523 3216 640 3272 oliorum
663 3213 791 3272 iudicium
808 3214 943 3290 castiges,
967 3210 1019 3289 secl
1035 3212 1084 3269 tibi
1100 3212 1155 3290 ipsi

134 3295 215 3355 litlas.
238 3296 336 3377 Populi
358 3297 487 3358 iudicium
511 3301 642 3357 truttitae
664 3310 826 3377 comparet,
847 3301 926 3357 cuius
949 3315 1070 3355 examen
1087 3298 1105 3354 i.
1121 3317 1150 3356 e.

134 3380 221 3459 ligula
251 3402 337 3461 supra
373 3404 486 3460 scapum
524 3396 621 3443 erecta
652 3386 811 3461 inprobum
849 3386 867 3442 i.
898 3403 926 3441 e.
959 3381 1154 3441 fraudulenter

134 3478 295 3545 corruptum
325 3480 380 3528 est.
421 3470 462 3528 Ito
493 3469 553 3528 Cic.
580 3470 667 3528 Verr.
699 3470 734 3540 ll,
766 3476 794 3538 l,
824 3475 875 3541 42,
908 3471 967 3530 107
997 3478 1152 3527 testamen·

133 3562 193 3611 tam
221 3554 381 3630 improbam
416 3565 515 3625 vocnt,
552 3553 625 3633 quod
655 3565 753 3614 contro
781 3555 862 3632 leges
898 3555 1086 3623 factumest,
1123 3563 1154 3612 et

133 3636 249 3696 Plautus
266 3637 349 3711 (llud.
372 3640 407 3711 Il,
432 3643 462 3710 3,
488 3644 557 3712 tt):
589 3638 752 3700 fastidiosus
774 3639 874 3699 netlilis
889 3649 952 3710 est,
969 3637 993 3698 si
1009 3657 1084 3717 quac
1100 3639 1152 3696 im·

130 3724 244 3800 probae
259 3743 369 3783 merces
382 3736 455 3795 suot,
471 3726 558 3783 iactat
572 3744 679 3785 omnes.
692 3725 751 3784 lloe
766 3727 851 3803 igitur
866 3725 932 3783 nibil
948 3725 1049 3782 attinet
1064 3723 1152 3782 easti-

130 3825 222 3886 gare,
243 3829 304 3867 nam
330 3812 455 3889 quamvis
471 3814 532 3888 ipse
550 3813 702 3888 percuties,
726 3831 782 3868 non
798 3821 893 3889 potest
915 3830 1034 3888 unquam
1049 3811 1151 3867 iustam

133 3890 273 3953 exhibere
297 3914 465 3954 mensurum.
511 3894 646 3954 Similiter
667 3896 788 3974 loquitur
807 3896 878 3955 Ans.
904 3893 982 3975 ttytt.
1012 3893 1091 3962 XVI,
1114 3897 1151 3956 tt:

131 3980 206 4037 iusto
221 3981 344 4039 trutinae
360 4001 391 4040 se
408 3983 536 4040 examine
553 3979 659 4059 pendit,
675 3992 705 4039 et
713 3982 863 4040 Cassianus
880 3980 1030 4038 collatione
1046 3977 1152 4048 XXIII,

133 4062 241 4142 5⁸me
258 4065 398 4124 Cassum:
422 4067 490 4124 Cum
511 4087 527 4125 e
547 4068 691 4125 contrario
714 4067 841 4126 theoriae
863 4067 963 4125 bonum
979 4062 1066 4123 corde
1083 4083 1152 4142 pen·

132 4160 223 4219 soret,
239 4169 273 4208 ac
296 4151 420 4209 velutin
446 4171 499 4209 una
522 4152 602 4210 lance
625 4161 765 4210 tentorum
788 4152 913 4211 laborum
934 4151 1108 4228 profectum,
1124 4150 1152 4207 in

132 4234 225 4294 altera
247 4234 463 4296 delectationem
487 4235 598 4296 divione
626 4238 870 4316 contemplationis
900 4233 1081 4316 appenderit,
1105 4232 1152 4292 (liu

132 4321 268 4380 anamim
286 4324 410 4399 pectoris
426 4323 468 4380 sui
484 4320 685 4402 quodammodo
699 4325 845 4400 castigato
858 4321 970 4382 tandem
985 4320 1150 4399 proclamet.

221 4427 245 4464 v.
264 4412 293 4468 7.
309 4427 345 4466 ne
361 4418 389 4466 te
405 4426 505 4487 quaes.
522 4419 621 4468 entra
645 4407 676 4467 In
700 4428 779 4468 suum
802 4429 881 4469 usum
904 4408 989 4468 vertit
1015 4407 1070 4466 hoc
1091 4405 1152 4465 tta-
