2574 5054
202 768 249 810 ιιιι
522 744 880 810 unonndottnttlt.

201 926 340 982 nostrum
363 912 534 981 Cornutum
555 928 711 983 auctorem
726 917 864 1002 agnovit.
896 913 987 998 Quod
1002 927 1105 981 tamen
1120 936 1226 981 assen-

201 1039 268 1084 sum
291 1017 432 1099 cohibet,
457 1019 547 1084 exilis
570 1019 719 1103 quaedam
742 1021 889 1085 sterilitas
910 1030 974 1100 est,
997 1039 1055 1104 qua
1075 1016 1126 1082 hic
1147 1017 1227 1082 liber

202 1120 387 1206 compositus
403 1132 469 1201 est,
491 1141 569 1205 quac
590 1142 654 1187 uon
674 1121 798 1188 videtur
820 1123 932 1187 cadere
950 1122 984 1185 in
998 1122 1097 1187 virum
1113 1120 1227 1185 eximie

202 1223 343 1302 doctum,
375 1224 493 1307 qualem
524 1224 591 1288 iure
624 1224 713 1289 nobis
740 1233 1006 1309 repraesentamus
1040 1220 1225 1288 Cornutum.

200 1321 331 1390 Difficile
346 1334 395 1389 est
407 1324 440 1390 in
456 1326 514 1393 hac
529 1326 667 1412 opusculi
688 1328 885 1407 conditione,
911 1327 988 1412 qnod
1010 1326 1122 1390 misere
1145 1325 1229 1390 lace·

200 1436 303 1492 ratum
323 1437 414 1511 atque
435 1438 610 1514 corruptum
632 1440 736 1496 exstat
753 1437 782 1506 ¹,
806 1427 917 1513 aliquid
932 1428 1151 1514 pronuntiare3
1173 1448 1229 1494 vc·

201 1554 269 1597 rum
292 1554 361 1599 cum
380 1532 455 1598 illud
477 1528 609 1596 Cornuti
630 1551 724 1616 opus,
752 1532 831 1616 qnod
856 1531 964 1597 codem
986 1530 1074 1596 titulo
1096 1532 1231 1598 nllernnt

201 1633 421 1701 Theodoretus
443 1646 476 1700 et
494 1632 600 1722 Etym.
616 1632 685 1716 Μ.,
708 1645 743 1701 nt
763 1634 914 1714 diximus,
937 1633 1057 1719 vulgari
1076 1634 1146 1699 usui
1165 1643 1231 1699 tra·

201 1736 295 1803 ditum
315 1756 385 1804 esse
399 1736 560 1817 videatur,
583 1748 616 1802 et
630 1758 648 1802 ι
662 1736 763 1802 multis
777 1746 973 1822 usurpatum,
997 1757 1074 1820 qnae
1088 1756 1140 1801 res
1155 1735 1231 1800 inde

201 1859 322 1925 quoquc
343 1840 558 1918 confirmatur,
585 1838 663 1924 quod
686 1840 834 1923 permulta
856 1859 897 1903 ex
919 1858 956 1903 eo
977 1838 1056 1903 libro
1078 1859 1232 1925 gramma·

200 1942 274 2021 tici,
296 1941 432 2026 inprimis
454 1938 584 2006 Hesiodi
605 1940 802 2019 scholiastae,
826 1942 859 2007 in
881 1962 968 2007 usum
989 1961 1077 2006 sunm
1098 1960 1231 2007 conver·

202 2054 308 2109 terunt
324 2051 355 2120 ²,
391 2042 559 2109 videndum
588 2064 628 2108 an
658 2042 718 2111 hoc
746 2064 865 2128 qnoque
895 2064 988 2129 opus,
1020 2053 1056 2107 nt
1083 2053 1130 2107 tot
1154 2042 1230 2124 alia,

202 2145 435 2232 epitomatorem
463 2154 495 2208 et
521 2142 687 2210 sciolorum
713 2147 928 2229 mam'strornm
957 2165 1051 2232 opera
1084 2145 1122 2210 ad
1150 2145 1231 2210 hanc

200 2248 393 2314 ieiunitatem
415 2248 574 2314 redactum
594 2259 627 2314 ct
648 2248 761 2314 luxatis
782 2249 927 2314 membris
954 2248 1093 2332 maleque
1115 2247 1231 2313 curatis

200 2350 332 2436 turpiter
360 2348 563 2416 deformatum
593 2351 645 2416 sit.
681 2349 731 2416 Eo
754 2352 870 2417 ducunt
891 2350 982 2416 etiam
998 2349 1113 2415 diversi
1141 2350 1232 2416 huius

200 2452 273 2518 libri
293 2454 326 2518 in
349 2453 440 2519 codd.
457 2452 554 2533 tituli,
578 2475 705 2538 quorum
720 2474 798 2519 unns
813 2454 988 2519 sententiae
1003 2471 1090 2518 meae
1106 2451 1233 2537 egregie

201 2554 392 2642 patrocinari
419 2543 681 2621 videtur.'Nam
711 2557 790 2640 qnod
819 2557 852 2620 in
882 2557 951 2621 cod.
984 2553 1058 2621 Vat.
1096 2553 1230 2638 legiturc

201 2649 430 2744 Κονρνοδτοο
451 2656 620 2744 ἐπιδρομή
642 2657 713 2724 τῶν
734 2655 822 2725 acroi
844 2655 909 2744 τήν
926 2653 1123 2743 Ἑλληνικήν
1143 2662 1232 2723 deo·

202 2758 283 2847 ριάν
304 2758 610 2847 παραδιδομένων,
633 2760 665 2824 id
687 2760 743 2824 vix
766 2761 887 2840 dubito,
917 2763 988 2846 quin
1010 2760 1233 2824 emendandum

202 2863 264 2928 sit:
302 2853 504 2950 Κορνοδτον
541 2858 689 2947 ἐπιτομή
723 2861 794 2928 τῶν
825 2860 912 2930 uacci
939 2858 1005 2948 τήν
1033 2856 1234 2947 Ἑλληνικήν

202 2963 390 3053 θεολογίαν
418 2962 713 3053 παραδιδομένων.
760 2962 851 3047 Quod
884 2967 911 3030 si
940 2964 1092 3049 accipias,
1131 2964 1232 3040 vides,

202 3087 311 3132 verum
340 3067 459 3133 titulum
488 3090 558 3134 esse
588 3077 742 3132 servatum
772 3078 804 3133 et
832 3067 922 3133 simul
945 3065 1079 3150 opusculi
1099 3066 1234 3130 indolem

203 3172 381 3240 indicatam.
414 3167 520 3253 Quare
544 3169 642 3235 donec
665 3169 839 3236 accuratior
860 3169 1054 3252 investigatio
1078 3168 1158 3232 alind
1179 3188 1234 3233 ve·

206 3391 219 3444 l
240 3389 281 3443 ct.
299 3391 408 3444 lsritaell
426 3392 457 3442 de
475 3392 576 3443 emend.
595 3393 683 3456 theos.
703 3390 808 3443 lleriod.
828 3406 854 3458 p.
874 3388 925 3443 307
937 3405 977 3457 aq.
1002 3389 1141 3442 Villoisoni
1158 3403 1236 3456 appa·

239 3467 326 3512 ratum
344 3460 466 3512 criticum
483 3460 591 3523 (dnecd.
612 3476 654 3524 gr.
672 3459 692 3512 ll
712 3477 736 3526 p.
756 3460 836 3523 423),
860 3458 903 3526 qui
927 3459 954 3509 iu
980 3458 1138 3512 bibliotheca
1155 3457 1236 3521 Regia

238 3528 325 3580 Paris.
350 3536 503 3581 asservatur
526 3528 643 3594 (soloti,
671 3525 766 3579 (iesch.
793 3528 818 3578 d.
845 3528 949 3580 Grieclu.
977 3528 1042 3579 Litt.
1070 3526 1091 3579 ll
1116 3544 1141 3594 p.
1162 3526 1234 3589 657),

239 3597 378 3659 Oceanus,
404 3598 430 3648 ni
449 3597 543 3656 lallor.
562 3597 588 3647 in
608 3612 682 3648 neum
701 3612 777 3647 suum
795 3597 893 3660 vertit,
912 3596 956 3662 qui
975 3597 1078 3662 quentis
1096 3596 1177 3664 copiis
1195 3595 1235 3646 in·

239 3673 357 3718 structus
375 3668 412 3719 alt
429 3667 545 3733 exemplo
562 3667 650 3717 docuit
666 3665 781 3731 (auctae.
801 3665 854 3716 lex.
873 3680 915 3730 gr.
935 3683 959 3732 p.
979 3665 1088 3734 82eq.).

205 3752 432 3808 zdnimadvertit
454 3753 500 3803 hoc
524 3752 574 3804 inm
599 3750 714 3809 Galcus;
738 3747 896 3820 Κορνοὺτου
921 3745 1042 3819 ἐξήγησις
1064 3743 1102 3801 sis
1117 3744 1169 3813 τὴν
1184 3747 1235 3800 τοῦ

235 3815 367 3871 Ἡσιόδου
392 3820 557 3888 θεογονίαν,
583 3827 610 3871 el
632 3813 670 3873 eiu
694 3811 769 3870 dela
790 3821 840 3870 rori
854 3815 1016 3887 Ἡρακλέους
1034 3822 1060 3871 in
1079 3819 1237 3870 bibliothece

239 3888 418 3940 Laurentiano
439 3891 536 3942 dicitur
553 3889 652 3940 exulari
670 3902 686 3938 a
705 3887 905 3941 Montelalccnio
922 3890 1000 3951 (Bibl.
1020 3887 1069 3940 lle.
1090 3887 1101 3939 l
1121 3903 1145 3954 p.
1160 3887 1235 3955 338).

241 3957 290 4009 llic
308 3960 507 4009 commentarius
525 3965 612 4010 utrum
631 3973 721 4010 revere
740 3972 755 4007 ι
773 3956 888 4009 Cornuto
907 3958 1039 4023 proiectus
1058 3957 1107 4017 sit,
1127 3971 1202 4023 quern
1221 3972 1237 4006 a

241 4027 409 4090 grammatica
427 4028 612 4111 commentandi
631 4043 708 4093 opera
726 4042 775 4077 non
795 4025 876 4077 luisse
894 4028 1007 4108 alienum
1022 4028 1135 4084 ecimus,
1155 4040 1188 4076 an
1204 4040 1238 4076 ex

242 4095 1238 4232 tltttltdelituistis?„ltltlattttltltululet

242 4247 292 4298 qna
316 4231 382 4299 apud
400 4230 538 4284 liudociam
557 4234 665 4285 Cornuti
688 4234 793 4285 libellus
818 4233 963 4300 discerptus
982 4241 1023 4285 est
1052 4233 1099 4295 (cl.
1119 4230 1237 4283 lliitaell.

242 4301 262 4352 1.
281 4299 323 4365 1.),
342 4308 421 4364 auget
439 4303 607 4369 suspiciones,
627 4318 694 4368 quac
711 4311 801 4354 contra
818 4304 956 4355 violarium
974 4302 1104 4352 Endociac
1122 4301 1239 4367 prolatae

242 4376 313 4420 eunt.
334 4368 416 4435 Quem
433 4386 488 4424 rem
505 4369 596 4422 Turici
615 4372 717 4424 tandem
736 4373 873 4440 aliquando
891 4371 1096 4436 consectandi,
1117 4370 1239 4437 estquod

244 4453 385 4506 operemur.
