2574 5054
384 715 753 788 ttottaoliltN'A.
790 724 793 729 ’
1002 738 1080 794 euax

73 891 145 956 liasta
157 889 223 958 cod.
237 888 428 973 Bemcusie,
445 892 595 978 talemque
608 893 729 980 reperi,
753 893 870 977 qualem
885 900 1077 982 exspectavi,

71 995 133 1059 eatis
151 995 284 1060 iciunum
311 1005 344 1060 et
369 1005 549 1075 recentem,
585 995 760 1082 prolixitate
780 996 860 1062 baud
885 1017 979 1082 parva
1006 1000 1080 1066 trita

70 1107 207 1183 etcaepe
234 1096 341 1184 inepta
368 1095 599 1177 exhibentem,
614 1118 691 1181 quae
719 1099 793 1164 satis
822 1099 1079 1180 demonstrarent,

68 1219 125 1264 enm
143 1198 231 1265 bonis
255 1211 287 1265 et
306 1198 438 1285 antiquis
460 1197 593 1263 lontibus
613 1221 676 1264 non
700 1221 768 1266 esse
797 1222 903 1284 nsum,
932 1203 1080 1288 planeque

67 1303 209 1368 diversum
230 1323 251 1367 a
271 1301 395 1367 soboliie
417 1297 596 1366 Pitboeanie
616 1312 649 1366 et
677 1299 938 1387 Sangallensibuo.
974 1301 1080 1389 ltnqne

66 1406 139 1470 nolui
154 1402 359 1470 describendo
373 1414 491 1488 tempus
505 1404 654 1487 perdere,
670 1405 802 1488 natisque
817 1405 926 1482 bubni,
951 1427 987 1470 ea
1003 1427 1080 1490 qnae

65 1508 157 1572 ecod.
174 1503 330 1571 Beruensi
345 1506 581 1583 adnotaveram,
605 1527 672 1571 cnm
698 1502 904 1571 Laurentiano
925 1502 1081 1592 compara·

64 1629 109 1687 rc,
132 1628 311 1693 quemqnam
332 1608 392 1673 iam
414 1607 522 1687 doleo,
545 1627 593 1671 nae
614 1607 653 1672 ad
668 1608 727 1673 alia
741 1609 887 1699 quaedam
905 1630 965 1673 non
982 1619 1081 1673 atten-

64 1710 154 1788 disse,
178 1728 257 1794 quac
280 1710 313 1773 in
334 1709 391 1775 bae
412 1708 590 1797 quaestione
613 1709 740 1776 alicuius
762 1711 905 1775 momenti
928 1731 996 1777 cose
1019 1723 1081 1777 tam

62 1814 189 1878 nondum
204 1811 358 1878 intellexi.
386 1808 430 1877 Ut
442 1832 537 1890 vero,
554 1810 720 1877 cuiusmodi
735 1811 776 1877 sit
789 1812 837 1878 bic
854 1809 984 1878 Cornuti
999 1834 1081 1877 com·

61 1917 223 1981 neuterius
236 1913 365 1999 intelligi
379 1914 487 1998 possit,
510 1911 664 1979 exhibebo
679 1914 748 1978 cod.
765 1911 932 1980 bernensis
947 1914 1075 1994 ecbolia,

61 2016 96 2081 ita
117 2029 150 2083 nt
171 2017 263 2082 naem
288 2015 440 2082 includam
453 2036 539 2099 >qnae
567 2016 677 2081 desunt
696 2015 728 2078 in
750 2014 819 2081 eod.
843 2012 1017 2097 Laurent,
1047 2023 1080 2081 'et

62 2119 182 2196 addam,
207 2118 236 2184 si
252 2136 328 2203 quac
343 2118 478 2183 notanda
491 2117 559 2183 visa
573 2129 658 2184 sunt.

90 2238 120 2300 11,
140 2238 204 2292 lbd.
222 2237 401 2290 Garaataa
422 2253 487 2290 vero
509 2237 610 2306 inquit,
636 2252 709 2292 arma
731 2238 850 2292 tribuunt
865 2236 986 2305 pentibus
1004 2245 1031 2290 et
1048 2238 1080 2289 ab

222 2322 266 2376 bia
281 2338 374 2390 taqua
391 2322 502 2376 vulnera
520 2323 665 2391 accipiunt,
684 2331 711 2377 ct
728 2327 776 2376 boc
789 2330 864 2377 vocat
881 2327 1081 2387 commercium,

221 2408 266 2460 rel
292 2415 367 2462 vocat
390 2409 587 2473 commercium,
613 2410 679 2476 qnod
702 2408 734 2461 ab
758 2409 888 2462 Armeniis
904 2409 1010 2462 chutcs
1027 2410 1082 2460 loeo

221 2495 294 2563 paeia
314 2492 434 2547 Romanis
453 2494 539 2546 inerat
556 2495 630 2547 obses
650 2496 725 2548 datus
748 2501 775 2546 et
798 2495 852 2564 ipse
870 2497 954 2548 omnia
972 2496 1081 2562 turpitu-

221 2579 291 2632 dinis
308 2580 374 2633 vitia
391 2580 541 2645 didicerat,
559 2581 585 2632 iu
604 2581 713 2649 patriam
730 2581 875 2633 delaturus.

88 2666 162 2735 Apud
181 2663 369 2719 Cornutum
387 2667 450 2718 baec
465 2666 604 2732 leguntur:
625 2668 814 2733 „commercia
835 2666 957 2718 dicuutur
973 2680 1082 2718 commu·

90 2753 234 2806 nicatieaea
251 2752 354 2805 mercia.
381 2751 503 2817 lloaraui,
523 2750 623 2820 inquit,
642 2769 714 2804 arma
731 2752 850 2818 pentibus
869 2751 987 2804 tribuunt
1004 2759 1031 2803 et
1049 2751 1081 2802 ab

91 2841 131 2891 bia
153 2837 274 2891 vicissim
291 2837 358 2890 vitia
375 2838 504 2906 recipiunt
521 2838 640 2904 illorum,
665 2839 709 2891 vel
726 2837 878 2891 commercia
900 2845 994 2902 vocat,
1021 2840 1083 2906 quia

92 2925 232 2977 Armenias
249 2922 357 2975 Zalaces
374 2921 496 2975 Romania
512 2922 569 2976 loeo
586 2925 657 2993 pacis
674 2924 759 2977 iuerat
771 2926 867 2990 datus,
885 2924 930 2977 aed
943 2925 989 2976 ille
1000 2925 1085 2976 omnin

92 3009 265 3080 turpitudinis
281 3009 348 3062 vitia
363 3025 379 3061 a
397 3006 518 3061 Romanis
537 3009 661 3062 didicit.“

93 3097 123 3162 ll,
144 3096 206 3151 lbi.
224 3093 381 3148 litterator.
402 3093 442 3146 (io
450 3101 566 3147 cnutus
578 3097 657 3147 aliter
668 3097 773 3164 exponit
785 3096 888 3148 dicens.
900 3131 907 3147 .
917 3133 925 3148 .
934 3132 941 3147 .
951 3095 1083 3162 (henna),

226 3195 285 3233 esec
302 3179 430 3233 adcreaiar
448 3180 559 3246 iactam,
577 3184 729 3233 minuatur
745 3183 765 3234 i.
785 3183 962 3234 dimittuntur.

93 3267 167 3336 Apud
187 3266 372 3319 Cornutum
389 3270 444 3318 esta
464 3265 566 3331 „Omne
584 3264 755 3332 belligerandi
772 3269 887 3320 stndinm
904 3265 1060 3319 amittunt.“

94 3353 136 3420 lll,
155 3354 184 3408 3.
201 3352 328 3404 Deamel
344 3352 364 3404 i.
383 3350 516 3419 disponat,
536 3367 595 3406 naut
613 3359 643 3405 ut
660 3352 831 3406 Cornutus
850 3353 931 3420 dicit,
949 3353 1086 3404 &almaro

227 3443 270 3490 eal
285 3436 382 3504 aliquid
401 3439 552 3506 proponere.

94 3526 170 3594 Apud
187 3524 371 3577 Carnutum
389 3530 444 3575 est:
465 3524 585 3592 „aliquid
603 3526 636 3577 ad
654 3526 730 3577 linem
748 3526 921 3594 proponere.“

94 3629 140 3697 lll,
159 3629 204 3683 ll.
230 3625 405 3680 Corantue
428 3625 509 3694 dicit,
539 3642 572 3679 ne
602 3635 752 3695 putrescant
776 3644 868 3680 carnes
892 3629 919 3679 in
946 3641 1087 3695 parasceue

227 3719 332 3778 coctae,
362 3713 421 3764 ideo
445 3712 477 3764 ab
504 3713 538 3765 iis
561 3714 735 3766 servabantur
760 3715 787 3765 iu
811 3713 917 3781 cophino
943 3718 970 3762 ct
1002 3711 1085 3762 locun.

229 3799 381 3850 Parascene
399 3798 497 3850 dicitur
514 3815 539 3867 q.
559 3801 721 3869 praeparatio
733 3815 818 3851 scene.
838 3797 989 3868 Despeetive
1001 3805 1087 3848 antem

226 3884 295 3938 dixit
311 3885 446 3953 cophinum
463 3891 492 3936 et
509 3884 610 3937 lacunar
628 3886 805 3954 suppellectile
823 3902 920 3937 eornm.

94 3989 139 4052 ill,
156 3988 202 4043 20.
222 3985 258 4040 Ut
273 3987 338 4039 dicit
355 3986 534 4039 Cornutus
553 3989 650 4056 topicen
675 3997 717 4041 cst
739 3990 807 4056 lapis
825 3989 899 4053 niger
916 3995 942 4039 et
961 3988 1042 4038 durus
1062 3995 1086 4037 et

226 4073 307 4138 vilis,
325 4072 370 4124 abi
388 4073 485 4127 icarum
503 4075 623 4139 aeuitur,
642 4081 683 4126 est
699 4076 767 4126 enim
786 4076 950 4142 asperrimus.

94 4179 141 4245 lll,
159 4178 205 4232 31.
224 4175 406 4230 Cornutus
423 4192 468 4231 eos
486 4178 628 4230 conducere
646 4178 751 4229 llnmina
769 4177 850 4242 dicit,
876 4177 895 4228 i.
914 4177 963 4244 ipei
982 4161 1090 4228 conibet

229 4265 317 4332 precio
335 4279 380 4331 pro
398 4265 472 4332 aquis
485 4265 516 4317 dc
529 4265 633 4317 {lumine
651 4263 819 4329 banriendia‚
838 4263 906 4314 sicut
918 4278 966 4313 uon
980 4246 1091 4313 eondrffi

230 4357 336 4418 portus,
353 4350 398 4402 sed
417 4351 466 4418 ipal
484 4366 529 4419 pro
547 4351 719 4403 conducendis
737 4347 862 4417 portubus
881 4349 1066 4400 conducuntur.

98 4437 185 4487 Caro
197 4442 277 4488 ulus
297 4435 391 4490 babet:
412 4437 467 4504 „ad
485 4438 666 4490 custodiendos
684 4444 774 4506 portas
787 4434 884 4486 coud.“
