2574 5054
448 744 816 812 ressuscitatus.
1027 768 1140 816 surra

134 925 185 1010 cria
196 922 291 997 θείας
304 918 422 1010 φωνῆς
436 915 534 986 εἶναι.
565 913 612 980 lbi
632 915 831 1000 intelligenda
846 912 989 980 sidentur
1005 919 1139 986 'carmina

134 1027 228 1111 tragici
254 1022 446 1110 argumenti,
477 1041 554 1104 quse
584 1027 798 1104 composuerat
817 1014 924 1095 Nero,
955 1029 988 1082 ut
1014 1034 1141 1087 caueret

132 1131 163 1194 cd
183 1129 346 1206 citharam,
369 1136 489 1190 etcum
512 1122 558 1186 his
579 1119 767 1185 conterenda
791 1128 863 1183 suut
885 1116 1025 1185 Suetonii
1046 1124 1140 1190 verba

132 1228 241 1311 (vind.
260 1224 334 1311 11)=
360 1226 492 1292 Sadenoi
510 1224 648 1287 cenerico
668 1220 881 1284 citharoedum
895 1222 1071 1305 placentem
1081 1246 1141 1310 pa·

132 1331 184 1394 tm
211 1329 391 1406 admoneat,
405 1370 408 1375 -
423 1335 459 1390 ut
486 1335 520 1389 ct
538 1322 663 1411 aliquid
682 1322 721 1386 dc
743 1322 894 1387 donrc'm'co
925 1321 1060 1405 dc'ceret,
1094 1330 1141 1392 aie·

131 1432 305 1518 siculique
332 1429 519 1495 Neroniana
548 1427 674 1491 cantica
698 1426 822 1510 prinam
850 1427 1014 1490 assotians
1050 1431 1141 1492 etiam

127 1536 246 1619 pluat.
306 1531 409 1616 ltaque
439 1531 517 1614 qood
547 1539 653 1593 narrat
681 1524 741 1591 Dio
772 1523 898 1592 Cassius
934 1524 1040 1611 (LXI,
1062 1528 1140 1614 20)ε

130 1628 368 1726 succederet
388 1660 426 1702 τε
444 1631 561 1702 Ἆπιν
581 1626 661 1699 scaci
680 1626 704 1716 ἢ
726 1627 863 1718 Βάκχας
886 1622 907 1696 o‘
928 1625 1143 1717 Αὔγουστος,

132 1741 163 1804 sd
188 1739 324 1804 carmina
353 1737 418 1803 eius
446 1734 557 1799 reterri
584 1753 675 1819 posse
713 1733 853 1810 videtur,
890 1743 922 1797 ct
950 1734 1029 1816 quod
1059 1737 1145 1801 molti

131 1843 288 1929 scriptores
311 1849 439 1904 damant
461 1835 557 1921 (Tac.
581 1839 668 1899 Aua.
691 1832 767 1914 XV,
789 1834 842 1900 39.
870 1832 959 1901 Suet.
983 1833 1063 1901 Ner.
1088 1835 1142 1902 38.

133 1939 183 2008 tio
205 1941 244 2008 C.
266 1939 375 2020 LXII,
399 1937 476 2023 18),
507 1960 575 2004 eum
611 1936 644 2001 iu
671 1937 811 2001 incendio
837 1934 955 2001 Romae
978 1937 1145 2006 citharoedi

133 2035 661 2111 1ι1ἱιιιίει1εῑεειᾶλωσινἸλίοε
686 2038 855 2118 cecinisse,
886 2050 934 2104 est
960 2060 1036 2106 sane
1063 2044 1145 2108 veri·

134 2149 220 2213 simite
242 2148 337 2213 tuisse
356 2144 436 2210 hane
457 2143 495 2208 ab
517 2143 583 2226 ipso
606 2141 813 2227 compositum.
855 2137 1020 2206 Diversum
1044 2156 1145 2210 autem

135 2249 293 2316 siucdubio
302 2249 359 2314 tuit
373 2268 496 2313 carmen
512 2244 642 2330 epicum,
659 2244 737 2328 quod
751 2244 807 2308 sub
823 2243 910 2307 titulo
922 2243 1055 2309 Τνοίεεη
1064 2268 1145 2311 ccm-

135 2353 226 2437 posuit
245 2363 277 2415 et
291 2347 561 2435 quinquennalibus
582 2346 660 2412 ludis
675 2370 705 2411 a.
722 2343 785 2411 818
801 2346 951 2424 recitavit,
969 2349 1009 2411 ct.
1027 2345 1087 2412 Dio
1105 2347 1143 2415 C.

136 2452 231 2534 11111,
246 2453 309 2520 29:
342 2445 377 2522 ‘0
399 2450 436 2520 di
458 2449 580 2539 Νέρων
594 2486 637 2497 --
652 2449 708 2517 issi
724 2446 789 2533 τήν
804 2448 866 2515 τοῦ
879 2442 1033 2535 θεάτρου
1048 2445 1146 2541 ὀρχή-

137 2560 230 2643 orpcic
244 2561 283 2623 tn
298 2548 461 2644 πανδήμῳ
477 2551 545 2620 τινὶ
564 2550 630 2640 θέᾳ
651 2551 777 2639 κατέβη
793 2553 850 2617 aot
864 2547 990 2637 ἀνέγνω
1014 2552 1146 2639 Tpci'c'nci

137 2683 203 2726 crac
228 2659 351 2726 tamesi
371 2655 558 2742 acccipere.
596 2653 681 2720 ilaec
705 2653 826 2738 saepius
857 2668 1146 2739 commemorantur,

140 2782 165 2822 r.
179 2757 242 2825 lus.
261 2756 349 2838 Vlll,
365 2758 440 2824 221.
465 2756 570 2823 Schcl.
589 2753 676 2822 Pers.
694 2755 719 2836 1,
738 2753 809 2819 121.
838 2755 943 2822 Pauca
964 2760 1036 2826 iude
1050 2763 1148 2826 refert

142 2857 276 2940 Servios,
299 2872 498 2927 memoratum
519 2861 550 2924 in
574 2861 612 2924 iis
633 2881 702 2926 esse
726 2856 890 2947 Cynthium
911 2882 1016 2944 regem
1033 2862 1147 2930 Troiae

144 2966 186 3039 (sd
200 2964 315 3050 Georg.
332 2961 390 3043 111,
407 2962 484 3046 36),
508 2973 540 3028 et
553 2961 648 3027 Parin
664 2963 695 3026 in
710 2962 746 3027 iis
769 2984 837 3028 csse
859 2963 1026 3028 exhibitum
1045 2967 1148 3031 fortis-

145 3065 253 3144 simum,
283 3068 361 3131 adeo
391 3077 424 3129 ut
450 3066 481 3129 in
510 3065 625 3130 Troiae
656 3065 777 3150 agonali
801 3066 967 3132 certamine
990 3081 1150 3152 superaret

147 3187 256 3247 omnes,
279 3170 375 3254 ipsum
398 3169 487 3232 etiam
510 3165 687 3233 Hectorem.
725 3165 875 3250 Quicum
897 3169 993 3235 iratus
1018 3171 1150 3256 gladium

146 3269 171 3331 iu
183 3291 243 3335 cum
258 3272 452 3351 strinxisset,
476 3270 592 3335 dixisse
607 3267 720 3351 Parin,
744 3292 778 3336 se
795 3273 859 3336 cius
875 3293 1050 3357 germanum
1066 3295 1148 3353 esse,

146 3371 220 3456 idquc
232 3374 330 3440 allatis
345 3373 517 3458 crepundiis
532 3372 696 3458 probasse,
720 3395 788 3438 cum
810 3374 907 3438 adhuc
928 3374 1031 3439 habitu
1046 3378 1150 3441 rustici

147 3472 241 3540 lateret
260 3475 370 3557 (Serv.
394 3476 432 3540 ad
455 3474 543 3559 Virg.
567 3478 649 3539 Aen.
667 3471 709 3555 V,
724 3474 800 3554 370,
824 3478 904 3541 unde
929 3477 1029 3542 hausit
1050 3476 1149 3565 Myro.

148 3572 208 3640 i'st.
223 3575 277 3656 111,
297 3576 349 3658 11,
364 3577 434 3664 24).
465 3574 542 3642 Inde
565 3587 649 3663 patet
672 3598 739 3642 cum
763 3579 893 3644 tabulam
917 3602 936 3644 a
957 3581 1081 3664 tragicis
1097 3601 1152 3645 cx·

147 3680 241 3745 cultam
256 3691 392 3745 secutum
408 3680 542 3762 esse(ct.
553 3679 719 3760 Welcker,
731 3679 857 3748 Griech.
869 3683 965 3767 Trag.
974 3681 1142 3769 pdidsq.)

147 3779 219 3864 Quot
231 3783 324 3847 libros
347 3783 405 3847 hoc
425 3802 547 3847 carmen
570 3782 710 3847 habuerit
733 3795 764 3848 ct
786 3806 939 3870 quousque
960 3806 1154 3870 progressum

143 3886 225 3951 tuerit
239 3886 412 3963 oamndo,
437 3906 499 3949 non
515 3895 616 3969 potest
631 3885 703 3950 dici.
735 3883 880 3952 Ceterum
901 3910 969 3953 eum
986 3889 1023 3952 ad
1040 3888 1154 3951 maiora

141 4011 249 4074 quoquc
264 3989 439 4075 adspirasse
455 3999 486 4052 et
500 4008 551 4051 res
567 3986 721 4051 Romanas
744 3990 876 4053 carmine
896 3991 981 4074 spico
997 3991 1155 4055 celebrare

141 4094 287 4172 voluisse,
309 4113 401 4176 supra
424 4091 483 4155 iam
504 4090 694 4154 narravimus
717 4091 763 4174 (p.
780 4114 816 4155 rx
830 4095 891 4174 s),
919 4094 1032 4156 maiora
1056 4105 1156 4158 autem

139 4195 175 4260 ab
196 4218 234 4261 eo
254 4195 310 4260 vix
332 4215 402 4258 esse
424 4192 563 4258 absoluta
585 4204 617 4258 et
636 4193 771 4277 perfecta
793 4193 858 4257 iure
884 4194 1036 4259 coniicere
1052 4217 1158 4281 possu-

136 4321 212 4363 mus.
250 4296 369 4363 Versus
391 4295 507 4379 quidam
532 4294 597 4383 eius
619 4295 734 4359 servati
763 4308 852 4376 suat,
877 4297 926 4380 qui
949 4298 986 4361 ad
1009 4299 1157 4380 quodnam

135 4422 256 4466 carmen
279 4400 472 4485 pertincant,
496 4418 621 4481 prorsus
641 4400 788 4467 incertum
815 4413 871 4463 est.
914 4398 1020 4465 Scirol.
1042 4398 1159 4464 Lucani
