2574 5054
480 508 506 535 ff

217 731 348 816 xxxa
541 749 904 815 ruonnoounua.

217 944 274 1007 que
298 922 439 986 virtutem
465 942 526 985 nou
550 922 692 987 ostendat
714 931 735 984 ¹.
767 919 871 1004 Quare
886 920 994 1001 uobis,
1021 922 1090 986 dum
1106 921 1235 1007 pbiloso-

146 1095 149 1099 ,
218 1026 305 1112 pbunr
321 1024 403 1109 agit,
427 1045 488 1087 non
504 1024 626 1089 videtur
641 1035 741 1088 tamen
758 1044 846 1104 esse,
870 1034 901 1087 et
921 1022 960 1088 iis
981 1022 1082 1102 vitiis,
1105 1024 1138 1088 iu
1160 1045 1234 1112 quae

216 1126 352 1206 invehit,
382 1126 479 1211 ipsum
503 1147 590 1210 mana
623 1126 755 1192 maxime
783 1127 925 1191 laborare
951 1135 1087 1210 apparet.
1125 1124 1234 1209 Neque

216 1230 307 1296 aliter
326 1229 357 1292 in
380 1229 444 1292 vita
466 1229 628 1314 sogessit.
657 1226 739 1293 Nam
761 1229 897 1314 quamvis
919 1227 1051 1292 animum
1070 1227 1109 1291 ad
1126 1227 1235 1312 optime

216 1352 352 1416 quaeque
368 1351 549 1414 propensum
565 1352 655 1396 nemo
670 1351 783 1416 aequus
801 1331 831 1394 ei
851 1328 1023 1407 abiudicet,
1048 1339 1149 1393 umen
1170 1351 1235 1395 eam

217 1432 439 1511 constantiam,
467 1454 554 1517 quam
584 1434 615 1496 in
643 1443 740 1497 morte
761 1432 918 1518 probavit,
948 1451 1003 1515 per
1029 1440 1124 1494 totam
1146 1431 1236 1498 vitam

218 1535 388 1619 neutiquam
412 1534 567 1612 servavit,
592 1555 689 1618 neque
712 1555 767 1599 sua
789 1534 883 1619 ipsius
903 1542 1068 1618 praecepta
1089 1533 1236 1616 sequeba-

218 1649 285 1714 tur,
309 1639 399 1701 immo
416 1637 506 1701 multa
530 1637 612 1701 dedit
630 1637 823 1721 imperatoris
843 1634 990 1699 voluntati
1012 1645 1103 1718 atque
1124 1645 1237 1720 tempo·

99 1809 101 1813 ,
216 1741 260 1804 ris
282 1740 447 1818 lasciviae,
471 1738 622 1823 ipsiusque
644 1739 757 1818 indoli,
781 1757 857 1825 qnae
879 1758 898 1802 a
919 1735 1043 1802 mollitie
1064 1747 1097 1800 ct
1117 1737 1237 1802 luxurie

218 1861 404 1924 nequaquam
420 1840 518 1904 aliena
535 1841 592 1905 fuit
606 1849 630 1903 ².
662 1840 749 1905 Tafis
765 1841 813 1904 vir
828 1860 889 1902 non
905 1839 1002 1923 potnit
1014 1836 1126 1903 Persio
1141 1839 1238 1924 place·

218 1964 273 2018 re,
315 1942 418 2005 iuveni
456 1963 572 2006 morum
602 1944 846 2028 incorruptorum
878 1941 1013 2023 castique
1042 1939 1153 2018 animi,
1192 1941 1239 2025 qui

218 2042 310 2106 uitam
327 2062 389 2105 non
407 2062 462 2106 usu
478 2044 563 2107 novit
577 2044 690 2128 ipsam,
714 2046 768 2110 sed
782 2043 898 2128 qualem
914 2043 1037 2107 scholae
1052 2062 1165 2107 severa
1178 2043 1239 2108 dis·

219 2144 328 2227 ciplina
344 2145 603 2226 repraesentabat.
628 2144 724 2212 Cuius
738 2147 894 2233 ingenium
910 2164 1007 2229 neque
1022 2142 1170 2209 facilitate
1186 2165 1239 2211 ne·

218 2267 276 2331 que
292 2246 431 2311 ubertate
447 2269 511 2311 cunr
530 2246 649 2314 Seneca
665 2249 910 2334 comparandum,
926 2247 979 2312 sed
997 2246 1114 2311 tardum
1130 2248 1239 2332 potius,

219 2348 370 2414 acerrimo
385 2349 452 2413 veri
468 2360 558 2433 atque
580 2352 656 2415 recti
675 2352 776 2415 studio
795 2351 950 2415 incitatum
966 2369 1083 2413 summo
1096 2370 1166 2414 cum
1181 2351 1257 2444 ferg

219 2472 295 2515 vore
304 2471 408 2515 verum
418 2453 634 2549 investigavit,
651 2453 691 2517 ita
703 2464 816 2530 tameo,
825 2465 859 2516 ut
867 2452 941 2516 nibil
955 2453 1021 2516 fere
1030 2462 1244 2532 assequeretur

220 2553 280 2617 nisi
301 2554 418 2617 intento
441 2552 545 2619 labore
569 2566 601 2619 ct
623 2555 753 2618 omnium
769 2553 876 2618 virium
892 2553 1009 2639 ingenti
1025 2553 1105 2617 uisu.
1139 2550 1242 2635 Quare

221 2657 300 2720 sicut
315 2656 391 2739 apud
408 2656 489 2718 illum
506 2656 600 2721 fluere
616 2657 753 2721 videmus
769 2656 955 2733 orationem,
979 2664 1011 2718 ct
1031 2663 1141 2739 sponte
1163 2654 1244 2738 eogi-

221 2767 336 2821 tantem
358 2758 461 2841 sequi,
485 2757 528 2822 ita
559 2754 685 2823 Persius
712 2767 826 2842 pugnat
844 2755 1062 2840 quodammodo
1085 2777 1154 2821 oum
1175 2779 1241 2824 ser·

220 2879 330 2936 mone,
355 2869 387 2922 et
401 2878 477 2942 quae
493 2871 624 2925 mentem
640 2861 774 2945 agitant,
798 2880 860 2923 nou
881 2858 939 2921 nisi
960 2877 1070 2940 magno
1086 2858 1199 2944 impetu
1214 2871 1244 2924 et

220 2960 330 3025 iterum
346 2960 514 3044 iterumque
529 2982 694 3046 aggressus
710 2961 765 3025 vix
780 2962 903 3025 tandem
917 2960 1052 3046 profert,
1076 2981 1173 3045 eaque
1194 2983 1244 3026 ra·

221 3062 325 3141 tione,
350 3082 425 3145 quae
446 3065 521 3127 satis
543 3065 747 3140 demonstrat,
779 3073 891 3147 quanto
913 3063 982 3127 veri
1001 3061 1100 3127 studio
1123 3064 1242 3143 ardeat,

222 3175 407 3248 quantopere
428 3166 558 3230 animum
588 3175 717 3250 urgeant
739 3186 793 3242 ea,
823 3185 901 3248 quae
922 3163 1032 3243 sentit,
1063 3184 1120 3229 neo
1144 3177 1244 3230 tamen

222 3266 395 3351 exprimere
419 3277 538 3350 potest,
561 3268 746 3333 alienissima
768 3279 869 3332 autem
893 3276 941 3331 cst
966 3287 984 3330 a
1007 3276 1144 3351 prompto
1166 3268 1245 3333 illius

222 3367 345 3452 ingenio
363 3376 394 3430 et
410 3368 554 3434 facultate
578 3369 613 3432 de
636 3369 769 3452 qualibet
783 3391 817 3434 re
834 3369 905 3433 novi
924 3369 1063 3452 quiddam
1085 3389 1122 3433 ac
1144 3370 1246 3454 splen·

223 3468 285 3533 didi
301 3468 492 3553 proferendi,
515 3490 573 3551 qua
596 3471 627 3534 in
649 3471 773 3535 summis
794 3469 964 3537 amabiliter
985 3470 1079 3548 ludit,
1103 3471 1165 3535 ima
1185 3492 1246 3536 non

221 3571 332 3654 tangit.
383 3567 457 3632 Non
487 3570 604 3635 ferebat
624 3573 744 3637 iuvenis
765 3574 896 3638 imbutus
926 3593 1036 3638 severa
1072 3572 1244 3659 disciplina,

223 3693 311 3756 quaro
327 3683 391 3736 toto
413 3681 533 3756 pectore
556 3673 691 3752 imbibit,
715 3676 915 3741 veneratione
937 3676 1044 3760 plenus
1066 3694 1141 3759 erga
1162 3674 1247 3739 viros

224 3775 385 3858 egregios,
414 3794 540 3856 quorum
562 3775 696 3861 rigorem
718 3778 946 3857 aemulabatur,
977 3775 1152 3842 facilitatem
1175 3776 1246 3856 viri,

224 3877 287 3940 vita
310 3877 360 3940 diu
382 3876 565 3960 multumque
589 3880 720 3956 versati,
749 3900 806 3963 qua
836 3879 952 3945 saeculi
974 3877 1108 3943 moribus
1131 3888 1248 3944 mutum

224 3976 424 4056 concedebat,
441 3990 519 4045 utca
527 3982 665 4064 exernplo
674 4001 821 4063 spernere
835 3982 1005 4062 rideretur,
1022 4001 1099 4066 quae
1113 3981 1246 4067 scriptis,

225 4098 401 4161 quamquam
417 4090 450 4143 et
464 4080 512 4145 hic
526 4083 582 4145 vix
597 4084 707 4168 digne,
731 4083 885 4148 sustinuit.
916 4081 958 4147 Et
974 4094 1074 4147 tamen
1090 4082 1168 4147 baec
1182 4082 1248 4168 ipsa

226 4234 238 4285 l
259 4231 299 4282 ct
315 4230 403 4296 Quint.
417 4230 454 4294 X,
472 4232 495 4295 f,
506 4234 616 4302 ltbsqq.
638 4235 704 4288 Gen.
719 4235 778 4300 Xll,
793 4238 820 4290 2.
834 4235 924 4289 llroot.
935 4236 966 4290 de
980 4243 1058 4289 oratt.
1074 4237 1085 4288 l
1098 4253 1124 4306 p.
1134 4235 1247 4307 ttapqq.

259 4300 453 4362 svesamma,
472 4299 564 4353 Gesoh.
581 4305 605 4354 d.
619 4303 690 4355 lltim.
708 4306 814 4356 beredo.
829 4322 853 4371 p.
870 4308 965 4374 asam.

224 4371 242 4425 2
259 4369 299 4419 Cf.
315 4367 379 4419 Tac.
395 4369 462 4419 Auo.
475 4366 542 4433 xm,
560 4371 595 4422 ὃς
614 4373 680 4423 Fuit
696 4375 741 4424 illi
755 4378 814 4426 uiro
831 4378 965 4441 ingenium
984 4389 1126 4428 ammaum
1144 4379 1250 4426 ottem-

256 4441 335 4504 porte
347 4441 405 4489 etue
417 4438 530 4490 oure'bue
541 4441 780 4495 accommodatum.
