2574 5054
487 733 850 801 Pnottoottttttt.
1113 763 1181 809 exv

170 922 274 970 nanum
294 914 402 970 esseut
420 904 613 990 tegcnutm,
635 905 708 972 inde
729 925 786 992 per
809 926 917 973 munus
944 908 1028 992 qnasi
1054 910 1177 992 traditu,

169 1029 225 1073 cnm
238 1008 337 1094 quivis
351 1008 389 1073 de
404 1028 462 1074 suo
476 1008 621 1086 adderet,
642 1008 780 1093 quicquid
795 1018 897 1094 uptnm
912 1011 1075 1090 censebat,
1090 1013 1179 1098 iique

169 1131 199 1175 co
211 1109 321 1195 largius
335 1111 404 1176 iere
418 1130 478 1195 quo
493 1110 561 1194 quis
580 1108 733 1176 indoctior
752 1111 829 1189 luit,
850 1112 941 1196 longe
964 1112 1085 1180 diversa
1105 1137 1179 1182 evc-

167 1213 274 1292 nircut,
297 1235 387 1297 qnam
409 1232 486 1300 qnae
507 1212 548 1278 ult
568 1221 713 1290 anctore,
743 1213 829 1279 cuius
850 1233 961 1278 nomen
985 1216 1051 1281 iere
1073 1235 1180 1282 serra·

166 1313 245 1394 lunt,
274 1317 416 1399 proiecta
437 1325 538 1380 erant.
583 1312 673 1382 Adule
694 1315 754 1380 ium
778 1315 970 1380 librariorum
991 1318 1176 1399 socordiam,

166 1416 391 1497 inmittendo,
409 1417 657 1504 transponendo,
673 1417 784 1483 vitium
799 1417 997 1482 describendo
1012 1420 1176 1505 insignem,

166 1529 191 1583 ct
202 1519 377 1606 apparebit,
401 1519 477 1584 nibil
496 1519 556 1584 uisi
574 1519 710 1585 umbram
732 1520 879 1604 quandum
902 1541 960 1586 nos
973 1521 1005 1584 in
1025 1541 1178 1586 commen·

166 1622 239 1686 tariis
260 1621 395 1701 habere,
418 1642 494 1707 qnae
516 1621 674 1687 doctorum
695 1623 958 1708 grammaticorum
978 1643 1088 1688 nomen
1106 1642 1178 1708 pree

165 1744 193 1788 se
206 1725 325 1801 lerunt,
350 1720 474 1803 Servii,
496 1721 629 1803 Donati,
646 1724 687 1788 al.
719 1717 833 1789 Verum
850 1735 952 1789 tanmu
972 1725 1015 1789 its
1030 1743 1082 1790 rca
1097 1745 1178 1790 com-

165 1836 260 1910 parata
282 1835 349 1902 cst,
373 1835 407 1890 ut
427 1846 481 1891 eos
503 1825 767 1911 interpolationem
787 1827 922 1911 quumvis
938 1826 1056 1892 foedam
1071 1847 1179 1912 passos

164 1949 243 2006 csse,
273 1927 342 1993 iure
362 1926 455 1992 dicas.
501 1923 581 1993 Sunt
602 1929 680 1992 enim
703 1929 761 2007 iis,
793 1950 868 2014 qnae
892 1927 930 1994 ab
953 1938 1080 1993 auctore
1101 1948 1178 1994 vero

164 2034 292 2114 prolecta
306 2029 430 2093 tuntum
446 2029 532 2114 quusi
547 2029 679 2111 leniunt,
701 2032 760 2097 alia
776 2030 911 2096 admixta
927 2030 1039 2095 diversi
1054 2031 1179 2117 generis

163 2131 366 2218 cttcmporis,
388 2152 465 2215 qnae
487 2152 663 2217 quemquem
683 2134 763 2199 mole
786 2155 841 2199 sun
862 2133 985 2218 antique
1001 2143 1033 2197 ct
1046 2132 1179 2217 genuina

163 2236 287 2300 insusse
303 2245 466 2319 superent,
488 2245 591 2301 temen
605 2236 718 2301 sensim
733 2237 907 2320 sensimque
923 2235 1044 2299 diversa
1059 2234 1179 2298 ratione

161 2337 330 2403 accrevisse
346 2347 439 2421 putet.
462 2337 564 2403 Aliter
576 2359 653 2403 vero
667 2339 698 2401 in
715 2348 822 2402 nostro
841 2336 1062 2404 commentario
1077 2356 1128 2401 res
1143 2357 1179 2402 se

160 2438 257 2504 labet.
298 2436 486 2522 Quamquam
508 2440 588 2506 enim
611 2439 659 2504 lnic
681 2459 799 2524 qnoque
824 2440 937 2506 diversi
964 2438 1086 2523 generis
1108 2449 1180 2504 eta

159 2542 285 2607 dirersis
301 2539 473 2606 auctoribus
488 2543 643 2627 proiectae
659 2543 873 2609 adnotationes
887 2543 1064 2630 miscentur,
1078 2551 1180 2605 tumen

123 2634 132 2741 l
158 2646 243 2710 facile
264 2654 410 2730 apparet,
432 2642 625 2709 fundamento
645 2663 714 2710 esse
735 2645 982 2711 commentarium
998 2641 1179 2726 explicando

121 2766 124 2805 ι
158 2744 264 2812 Persio
287 2746 325 2810 ab
348 2765 409 2808 uno
431 2746 559 2828 quodam
580 2757 707 2812 auctore
723 2748 946 2831 couscriptum,
970 2767 1058 2830 quens
1074 2765 1179 2830 perpe·

158 2859 238 2913 tunm
253 2849 322 2912 iure
337 2847 439 2925 cliuus,
456 2847 506 2930 qui
519 2849 628 2913 merito
643 2858 750 2914 unctor
763 2848 945 2914 scholiorum
961 2849 1074 2911 audiat.
1090 2847 1180 2912 Hunc

158 2972 232 3015 vero
255 2950 419 3031 Annaeum
440 2945 608 3015 Cornutum
629 2971 697 3016 esse
719 2971 781 3015 nun
803 2971 913 3035 posse,
936 2969 1034 3032 neque
1057 2949 1180 3013 omuino

157 3051 386 3138 gra-malicum
401 3051 566 3135 antiquum,
582 3063 665 3116 certo
679 3052 791 3117 certius
807 3062 863 3117 est.
881 3048 970 3134 Quod
980 3050 1181 3135 cumsiugulis

157 3153 322 3220 afferendis
342 3152 397 3218 rix
418 3153 514 3238 possit
531 3154 653 3238 probari
674 3165 797 3240 propter
810 3165 975 3239 promptum
990 3154 1071 3217 illum
1085 3152 1182 3217 inter·

157 3255 321 3343 polatiouis
337 3255 583 3333 excusationem,
602 3256 776 3322 luculenter
796 3256 951 3343 apparebit
974 3254 1103 3331 cumei,
1132 3253 1183 3338 qui

158 3370 253 3424 totum
262 3355 441 3443 perlegerit,
452 3368 514 3422 tum
528 3378 569 3422 ex
583 3357 620 3422 iis
636 3378 712 3443 qnae
729 3357 933 3444 disputaturus
948 3353 1181 3434 snun‚elncebit.

159 3458 280 3544 Quodsi
302 3460 495 3545 reperiuntur
513 3471 671 3545 praetcrea
693 3461 724 3524 in
748 3460 831 3526 hisce
847 3460 989 3538 scholiis,
1012 3479 1088 3541 quae
1104 3459 1183 3522 nuti·

158 3562 245 3646 qnius
276 3572 391 3647 tempus
419 3562 568 3647 prodant,
598 3584 635 3627 ea
663 3584 726 3627 non
754 3574 825 3628 sunt
855 3562 897 3627 ita
927 3570 1119 3644 comparata,
1150 3571 1184 3623 nt

158 3663 314 3749 paullatim
328 3662 366 3728 acl
380 3661 458 3730 hanc
474 3665 757 3730 commentariorum
774 3665 881 3729 molem
896 3663 1069 3728 secrevisse
1085 3661 1184 3746 putari

158 3768 297 3852 possint,
319 3766 461 3850 nullaque
483 3778 661 3846 causaest,
687 3789 743 3832 cnr
763 3788 801 3832 en
820 3766 858 3831 ab
879 3763 1018 3830 Cornuto
1033 3767 1183 3850 prolecta,

159 3870 291 3953 ideoque
306 3889 417 3933 nomen
431 3869 490 3933 hoc
505 3867 628 3933 scholiis
643 3870 843 3954 praepositum
859 3878 1009 3954 putemus.
1038 3865 1073 3930 Si
1092 3866 1186 3950 igitur

159 3971 218 4037 tria
241 3971 318 4037 hacc
333 3972 493 4055 ponimus,
521 3971 768 4036 commentarium
791 3970 935 4055 scriptum
958 3990 1027 4034 esse
1050 3979 1185 4053 tempore

159 4095 221 4138 uon
236 4075 280 4139 ita
293 4073 419 4159 antiquo
435 4093 534 4158 neque
549 4096 568 4139 n
583 4074 777 4160 mammolino
792 4093 868 4138 vera
880 4070 1018 4136 doctriua
1033 4069 1185 4156 praedito,
1227 4140 1230 4144 .

159 4180 271 4244 reterri
294 4178 332 4243 ud
354 4187 513 4243 auctorem
536 4172 726 4256 Cornutum,
750 4176 850 4240 inesse
866 4175 896 4239 ei
910 4184 1011 4239 antem
1027 4171 1185 4256 quaedum,

159 4302 235 4364 qnae
250 4281 408 4365 antiquam
424 4279 573 4365 originem
587 4298 661 4366 puae
678 4298 713 4343 se
734 4280 854 4357 lerant,
877 4277 955 4353 iam,
978 4284 1012 4337 nt
1033 4293 1084 4337 res
1106 4293 1183 4336 enm·

160 4395 308 4467 ponatur,
333 4382 604 4450 demonstrandum
627 4381 706 4460 erit,
730 4380 823 4445 luisse
846 4376 1015 4443 Cornntnnu
1041 4373 1187 4458 quendum

936 4496 978 4559 h.
