2574 5054
129 823 199 893 xxia
452 796 819 862 PROLEGOHENA.

128 981 319 1051 num-esset,
342 970 478 1035 11111111
498 966 640 1036 Lersohii
661 970 863 1046 sententiam,
888 968 938 1053 qui
965 962 1152 1031 Caesellium

128 1094 208 1138 aero
230 1072 389 1159 Augusteo
410 1073 527 1139 vixisse
549 1084 635 1157 putat
660 1070 828 1157 (Zeitschr.
851 1071 874 1133 1.
892 1067 1027 1134 aloem
1046 1067 1151 1134 Wiss.

129 1197 159 1240 a.
176 1173 260 1241 1840
274 1198 305 1261 p.
323 1174 386 1242 109
400 1197 447 1261 sq.
473 1197 503 1240 1.
521 1172 603 1240 1841
618 1196 649 1262 p.
668 1172 749 1239 1101
772 1172 868 1258 squ).
907 1169 1021 1236 Posset
1049 1182 1152 1235 antem

128 1275 357 1343 aCassiodoro
379 1278 513 1343 additum
535 1297 622 1355 esse,
646 1287 688 1341 *ut
710 1275 841 1342 Cornuti
864 1287 897 1341 et
915 1274 1152 1343 0111111111-

129 1402 252 1445 sensum
279 1379 441 1446 indicaret.
478 1375 595 1444 Lucius
624 1381 836 1465 grammaticus
863 1380 989 1445 affertur
1017 1378 1153 1444 etiams

128 1478 275 1568 Pompeio
298 1482 336 1548 de
364 1480 552 1546 barbarismo
583 1481 629 1567 (p.
651 1479 716 1546 430
737 1480 863 1567 Lind.)=
900 1480 1018 1546 taceo
1048 1491 1153 1546 cutem

129 1584 217 1649 demit
235 1593 357 1648 centum
382 1585 608 1665 (soloecismos)
630 1593 663 1648 et
689 1592 851 1649 enumerat
874 1604 990 1648 omnes.
1029 1582 1155 1650 Exstat

129 1686 210 1750 lc‘der
227 1689 342 1771 psius,
367 1687 447 1752 dicit
455 1683 539 1751 illud
551 1696 583 1750 et
596 1684 679 1750 illud
681 1712 695 1761 ,·
717 1707 789 1750 nom
805 1686 853 1750 ait
863 1688 927 1750 sic:

192 1802 288 1871 Adde
303 1805 483 1870 soloecismo
496 1806 728 1889 (1111111111)
749 1827 872 1894 genero
892 1812 987 1891 utque
999 1803 1153 1869 vocabulo

879 1916 1013 1971 centum.

130 2035 164 2088 et
174 2027 277 2089 11νηί
296 2026 472 2113 (percurrit
485 2023 595 2113 Lind.)
618 2031 688 2114 pose
702 2026 858 2092 vocabulis
869 2024 1010 2090 ceretto
1023 2028 1152 2111 seraptis

130 2137 216 2207 orte,
242 2139 274 2193 et
293 2128 340 2193 idi
358 2129 549 2193 enumeravit
568 2130 625 2195 aila
646 2133 760 2194 omnio.
790 2130 922 2195 Interim
943 2130 1004 2192 iste
1016 2125 1153 2192 breuiter

129 2232 274 2294 striccit.
307 2228 422 2297 Verum
444 2229 560 2296 dehoc
582 2241 673 2317 poeta
694 2232 890 2318 grammatico
906 2229 1150 2295 omniaincerta.

130 2328 277 2399 Ceterum
313 2332 434 2399 videtur
468 2330 623 2399 Cornutus
659 2333 697 2399 de
735 2332 944 2399 enuntiatione
974 2351 1049 2417 opus
1079 2352 1153 2396 con-

129 2434 298 2521 scripsisse.
322 2433 410 2499 luter
424 2437 636 2520 grammaticos
651 2457 780 2522 magnae
800 2437 898 2501 ianuae
914 2446 1003 2519 atque
1019 2434 1153 2499 auctori·

128 2539 199 2601 tatis
216 2533 384 2601 Cornutum
398 2539 494 2602 refert
509 2538 599 2602 etiam
614 2538 804 2623 Augustinus
819 2538 873 2625 (de
888 2537 955 2601 util.
972 2535 1057 2602 cred.
1077 2534 1150 2621 17)=

128 2638 228 2704 Nulla
249 2637 384 2703 imbutus
399 2643 525 2723 poetica
542 2639 709 2725 discplinc
737 2639 1018 2705 Terentianum
1039 2637 1080 2704 Μ
1087 2659 1153 2704 11-

129 2762 212 2804 rum
233 2743 302 2806 scite
320 2743 476 2825 mcgmtro
498 2744 659 2826 ottrizgere
674 2763 735 2805 non
753 2739 869 2817 eudes,
885 2741 1040 2826 Asper,
1062 2738 1153 2805 Cor·

128 2852 270 2919 castres,
292 2842 481 2909 Donatus
502 2855 534 2906 et
546 2843 605 2905 clii
616 2842 855 2906 mnumerabiles
869 2844 1093 2927 reposcuntur,
1116 2851 1153 2906 ut

127 2943 259 3031 quilibet
269 2953 367 3030 poeto
380 2945 485 3028 possit
505 2945 654 3030 intellegi.
686 2942 747 3010 Ubi
763 2944 972 3010 commentarii
987 2941 1151 3029 Virgiliani

127 3047 315 3132 potissimum
344 3046 488 3111 videntur
508 3047 630 3133 respici.
668 3045 799 3111 Praeter
827 3046 921 3122 haec,
953 3067 1029 3129 quae
1051 3048 1150 3112 virum

128 3148 340 3236 philosophicis
369 3160 400 3213 et
429 3149 633 3233 grammaticis
662 3149 769 3214 studiis
806 3148 955 3213 eruditum
986 3148 1152 3232 variaeque

127 3249 283 3315 doctrinae
306 3252 401 3337 copiis
420 3252 600 3316 instructum
622 3252 849 3327 demonstrant,
873 3251 1011 3336 poeticae
1032 3272 1150 3334 quoque

128 3373 250 3437 operam
268 3355 351 3419 dedit
366 3351 534 3419 Cornutus.
557 3352 631 3419 Fuit
646 3355 744 3431 enim,
765 3363 799 3417 ut
813 3354 875 3418 vito
889 3349 991 3417 Persii
1007 3364 1149 3431 testatur,

127 3466 216 3539 poeta
232 3457 378 3539 tragicus,
395 3457 472 3540 quod
487 3456 597 3521 iniuria
612 3457 644 3520 in
659 3456 779 3520 dubium
794 3465 933 3520 vocatum
949 3474 1037 3532 esse,
1055 3477 1153 3541 nuper

128 3558 245 3620 monuit
259 3558 350 3622 etiam
367 3554 713 3642 WelckerusiGrieeh.
738 3556 836 3641 Trag.
854 3553 900 3619 lil
922 3578 952 3642 p.
973 3554 1056 3621 1456
1071 3560 1148 3642 sq.).

126 3657 208 3723 Nam
235 3660 313 3744 apud
341 3657 499 3724 Romanos
530 3660 666 3723 videmus
695 3660 860 3746 permultos
887 3659 1151 3743 grammaticorum

126 3771 215 3845 atque
241 3762 484 3847 philosophorum
509 3759 668 3826 Musarum
690 3783 807 3846 quoque
830 3773 912 3827 artes
938 3761 1091 3840 coluisse,
1120 3772 1152 3826 et

126 3864 263 3927 audimus
288 3860 456 3928 Cornutum
478 3865 511 3928 in
534 3863 690 3929 eonsilium
712 3875 853 3929 vocatum
877 3884 946 3930 esse
968 3885 986 3928 1
1007 3862 1149 3941 Nerone,

128 3964 177 4047 qui
193 3976 349 4050 poetarum
372 3967 554 4032 commercio
570 3966 739 4053 gaudebat,
763 3988 801 4032 11
824 3967 861 4032 de
883 3986 934 4044 re,
958 3965 1007 4029 ubi
1029 3978 1151 4052 poetam

126 4064 225 4150 potios
241 4087 328 4148 quam
343 4067 552 4154 philosophum
568 4070 728 4135 consulere
743 4069 904 4134 attinebat.
935 4066 1006 4132 Nec
1028 4068 1151 4133 mirabi-

127 4176 196 4244 tur,
220 4169 394 4251 tragoedias
417 4189 484 4234 eum
507 4171 688 4258 scripsisse,
718 4171 768 4256 qui
791 4170 1054 4246 consideraverit,
1077 4170 1149 4236 inde

126 4269 163 4333 ab
179 4269 311 4354 Augusti
327 4272 510 4354 temporibus
534 4273 610 4337 haud
633 4293 747 4359 paucos
770 4275 929 4350 extitisse,
954 4273 1004 4355 qui
1026 4282 1149 4352 tragoe-

128 4370 211 4449 dias,
228 4393 367 4457 magnam
383 4383 498 4458 partem
513 4376 545 4438 in
560 4396 645 4440 usum
661 4377 892 4453 recitationum,
907 4376 1146 4460 composuerint,

127 4485 159 4540 et
180 4474 303 4557 omuino
324 4475 381 4541 hoc
405 4477 570 4542 carminum
593 4497 690 4562 genus
718 4500 827 4564 magno
857 4480 962 4546 favore
991 4489 1148 4564 acceptum
