2574 5054
69 674 77 689 '
180 720 245 789 256
412 721 544 785 scuot.
567 721 620 784 At)
644 720 728 784 stt.
750 721 773 796 1,
795 724 946 784 32-37.

181 906 229 957 tur
255 895 336 955 exire
364 913 415 974 per
440 912 536 954 aures.
626 894 686 952 cni
705 894 815 953 cuicum
837 893 985 952 humeros.
1030 889 1205 964 Quolitotcm

181 982 271 1043 vestis
285 981 394 1058 posuit,
408 991 440 1039 ot
454 999 506 1058 per
521 978 624 1038 cultum
639 979 787 1059 corporis,
802 979 886 1036 animi
901 977 1003 1037 cultum
1018 986 1206 1036 monstraret.

267 1066 467 1143 Hyacintlrino
489 1065 575 1124 laena
595 1075 641 1123 est
661 1065 736 1141 pallo
758 1065 844 1122 variis
865 1062 1007 1124 coloribus
1022 1064 1128 1133 uncta,
1151 1080 1209 1141 per

183 1171 265 1233 quom
280 1151 449 1229 locupletem
467 1151 621 1229 quempiam
638 1150 697 1207 vult
711 1149 840 1226 intelligi.

269 1240 321 1298 33.
350 1236 543 1295 Rancidulum
571 1236 726 1313 quiddam,
755 1232 781 1292 id
811 1245 857 1293 est
884 1232 1024 1311 putidum,
1052 1233 1099 1291 vel
1122 1233 1207 1312 quasi

182 1324 279 1401 asperi
302 1322 413 1399 saporis
436 1330 643 1399 corruptaeque
669 1321 764 1397 gulae.
853 1320 948 1378 Bulbo
972 1321 1007 1377 de
1028 1336 1120 1388 nore,
1142 1318 1208 1376 lonl-

183 1406 310 1467 ltutieute
327 1407 430 1483 lingua.
460 1404 588 1482 Linguae
604 1415 651 1463 est
665 1406 737 1463 enim
754 1406 896 1482 proprium
912 1404 1060 1463 balbutire·
1096 1403 1134 1461 Et
1148 1403 1208 1462 lroc

184 1490 269 1552 dicit:
300 1489 402 1550 Refert
423 1488 558 1569 quosdam
580 1509 680 1561 versus
696 1492 736 1548 ita
752 1488 861 1567 putide,
882 1500 911 1548 ut
925 1509 982 1548 vox
996 1490 1058 1548 eius
1073 1486 1210 1547 rideatur

184 1578 273 1637 emitti
289 1596 342 1654 per
355 1595 450 1635 nares.
479 1574 590 1634 Relatio
606 1596 644 1634 ex
658 1576 726 1633 vitio
742 1575 866 1651 lingone.

271 1665 323 1723 34.
345 1662 521 1738 Phyllidos,
543 1661 726 1738 Hypsr'pilos.
759 1658 894 1739 Phyllidis
910 1658 1140 1739 Hypsipylesqoc
1156 1678 1209 1718 re·

184 1749 312 1826 ginarum
327 1749 420 1805 exitus
436 1747 534 1804 tristes
550 1745 639 1804 luisse
656 1757 819 1803 noscuntur.
852 1743 925 1803 Nam
947 1745 1063 1822 Phyllis
1077 1751 1088 1783 ¹
1113 1761 1208 1822 aegre

186 1834 282 1893 ferens
305 1832 565 1910 peregrinationem
588 1829 826 1908 Demophontis,
856 1832 902 1909 qui
932 1828 967 1888 ad
994 1830 1108 1888 Troiam
1137 1848 1210 1908 pro·

186 1918 280 1979 lectus
308 1914 355 1976 dic
371 1918 526 1974 constituto
542 1936 597 1974 nou
613 1917 767 1987 remcavit,
792 1913 943 1994 suspendio
959 1917 1059 1994 periitz
1089 1925 1120 1973 et
1135 1935 1209 1973 con·

184 1999 1210 2079 vereaestiuarboremamygdalumsineloliis.Reversnellemoopltou,

186 2088 851 2250 itttltt‘itttlttlttttfjttl,
865 2087 1209 2230 l⁰lt²tt⁰tttztttttt

344 2215 353 2243 ,
560 2213 568 2228 .

186 2258 366 2327 mulieribus,
383 2256 519 2315 Thoantis
535 2256 607 2326 lilio,
627 2257 723 2314 Liberi
740 2258 827 2334 patris
842 2258 953 2334 neptis,
968 2267 1116 2335 postquam
1131 2275 1209 2328 earu,

188 2344 272 2403 lactis
289 2341 397 2401 duobus
413 2343 475 2400 liliis
501 2340 573 2419 apud
594 2340 746 2413 Lemnius,
769 2342 853 2402 lason
869 2342 998 2421 reliquit,
1020 2343 1067 2421 qui
1082 2361 1118 2399 eo
1134 2351 1209 2399 tem·

187 2448 257 2508 pore
281 2448 342 2486 cum
365 2426 538 2504 Argonautis
558 2437 694 2497 venerat,
717 2446 769 2485 uec
792 2426 827 2484 ad
844 2446 905 2486 eam
920 2426 1005 2486 rediit
1019 2447 1057 2486 ex
1072 2426 1208 2496 Colchis3

188 2524 334 2591 comperto
356 2524 455 2591 postea
477 2512 552 2570 illum
575 2511 610 2570 ad
632 2532 710 2571 sunm
739 2513 857 2590 patriam
885 2511 1006 2571 rediisse
1034 2523 1064 2571 et
1093 2531 1126 2570 sc
1154 2531 1210 2570 uc·

188 2599 327 2679 glottam,
350 2601 489 2675 ingratum
512 2598 574 2655 eius
596 2616 720 2656 amorem
742 2594 789 2655 otu
811 2617 907 2656 secum
928 2598 1015 2656 flevit.
1045 2597 1094 2656 llis
1109 2598 1209 2675 itaque

189 2689 215 2745 ei
229 2683 293 2764 quid
310 2684 400 2741 simile
416 2682 585 2741 carminibus
601 2684 660 2741 suis
676 2693 778 2761 poetae
790 2681 980 2753 defleverunt,
995 2684 1035 2740 itu
1050 2683 1112 2741 siue
1127 2683 1209 2742 rocio

188 2771 345 2850 asperitate
372 2768 574 2847 pronunciant,
611 2778 642 2826 ut
670 2765 839 2827 audientium
867 2787 952 2827 aures
975 2768 1127 2826 emolliant.
1168 2765 1210 2826 Et

187 2857 268 2936 ponit
289 2854 421 2913 historias
444 2865 474 2912 et
496 2873 530 2911 ea
553 2854 681 2924 uomina,
704 2873 776 2933 quae
799 2855 827 2912 in
848 2854 1017 2912 carminibus
1040 2852 1210 2912 necessaria

188 2962 243 3001 uon
259 2951 341 3010 eunt,
357 2937 408 2998 sed
424 2940 488 3016 quia
504 2957 569 2996 rara
585 2949 616 2996 ct
630 2939 768 2997 amatorio
782 2949 862 3012 sunt,
877 2939 942 2999 ideo
956 2948 1105 3019 ponuntur.

187 3026 340 3090 Plorubile
353 3026 384 3083 si
397 3025 483 3101 quoii,
505 3025 529 3083 ei
545 3021 610 3103 quid
625 3024 731 3083 flebile.

275 3115 328 3173 35.
351 3110 494 3187 Eligant,
517 3128 580 3167 cum
601 3109 740 3167 lenocinio
760 3110 840 3168 vocis
856 3109 1039 3187 pronunciat,
1062 3119 1209 3167 otvoeeur

189 3194 319 3257 dissolvit
332 3196 360 3253 in
376 3195 554 3254 cantilenam.
644 3195 755 3253 Tenere
765 3194 871 3272 palato
886 3193 971 3265 dicit,
987 3192 1079 3263 molli,
1095 3192 1208 3270 gracili.

275 3280 476 3358 Sopplontut‚
500 3280 666 3356 supprimit,
682 3281 795 3338 mutatis
811 3281 974 3339 accentibus
991 3288 1101 3348 curtata
1124 3280 1210 3357 quasi

190 3385 277 3426 sonos
296 3367 374 3423 vocis
398 3383 520 3423 canorae
541 3367 570 3423 in
592 3364 679 3423 ultimi
702 3365 788 3444 palati
809 3384 879 3424 cavo
903 3356 1006 3424 lenitur
1032 3364 1210 3442 infringitur,

191 3470 246 3530 quo
262 3448 408 3508 iucundior
423 3449 480 3506 liat.

277 3537 329 3596 36.
352 3537 518 3592 Asscrrserc
532 3535 601 3593 oiri.
636 3528 796 3617 Τροπικώς
812 3536 891 3594 viros
913 3532 980 3594 dicit
995 3530 1156 3603 auditores,
1179 3531 1210 3592 it

190 3628 254 3689 est,
269 3619 315 3696 qui
331 3617 466 3676 eiusmodi
482 3616 556 3677 dicta
572 3638 642 3679 voce
658 3639 709 3677 eun
725 3618 863 3679 laudaret.
948 3621 1037 3679 Nunc
1057 3638 1114 3676 non
1134 3619 1213 3677 οἰηίε

191 3705 253 3763 illc.
288 3701 384 3761 Verba
400 3701 569 3762 ululantium
584 3724 637 3782 per
649 3699 813 3785 ripoireeau.
849 3707 930 3764 Cinis
940 3715 1048 3783 poetae
1055 3701 1141 3782 jeliu
1153 3713 1210 3762 ert.

190 3788 229 3847 Et
250 3786 474 3866 reprehensibile
497 3799 592 3860 notat,
614 3791 698 3849 etiam
721 3790 745 3847 si
766 3790 839 3849 bene
862 3791 1000 3871 loquitur,
1021 3790 1151 3868 quotiens
1172 3786 1210 3848 de

190 3876 319 3932 mortuis.
351 3871 475 3931 Veteres
497 3884 589 3932 autem
612 3872 742 3933 dixerunt
763 3877 947 3953 praegravari
963 3892 1084 3951 corpora
1099 3892 1211 3947 eorum,

190 3960 238 4038 qui
254 3969 359 4016 tautum
375 3959 487 4036 corpori
503 3957 648 4018 studentes
664 3960 731 4017 nihil
746 3961 928 4020 memorabile.
946 3961 1129 4039 reliquerunt.

276 4047 327 4105 37.
349 4044 437 4101 Nunc
457 4044 550 4101 levior
572 4046 686 4123 cippus.
720 4044 834 4124 Cippnm
857 4066 908 4123 pro
931 4044 1083 4124 sepulchro
1105 4045 1210 4122 posuit,

191 4138 222 4189 ut
243 4130 411 4188 fermentum
433 4148 484 4205 pro
506 4127 604 4202 acido,
634 4131 749 4210 proprie
771 4141 863 4191 autem
885 4133 982 4212 cippus
1004 4140 1049 4190 est
1070 4129 1144 4209 lapis
1163 4148 1212 4189 se-

190 4214 309 4296 pulchri.

193 4335 206 4386 1
236 4329 390 4383 God.Pnris.
407 4330 475 4385 8272
494 4330 620 4398 Phyllidis
642 4331 756 4386 tabularu
776 4333 868 4385 iisdem
887 4331 976 4385 verbio
989 4337 1097 4401 namot,
1114 4330 1212 4399 quilius

226 4399 332 4452 Servios
350 4398 384 4450 ud
395 4396 469 4463 Virg.
486 4398 542 4451 Ecl.
558 4398 591 4464 V,
608 4400 649 4452 1⁰.
