2574 5054
178 749 243 820 331
392 749 526 813 scunt..
547 750 601 813 At)
622 749 708 812 SAT.
732 750 771 826 V,
794 754 985 818 tes-tan.

266 926 337 988 122.
359 925 442 984 dioec
460 923 583 982 mt'seere
603 921 708 1003 nesus,-
733 921 761 983 id
783 935 844 996 est,
872 924 1038 1004 sapientiam
1058 923 1201 985 stultitiae

179 1011 355 1072 commisceri
378 1008 553 1087 impossihile
576 1020 631 1068 est.
716 1010 780 1069 Nec
800 1029 865 1069 cum
885 1012 928 1070 sis
950 1019 1070 1070 coetero
1078 1009 1200 1090 sessor.

181 1100 328 1167 Caetera,
350 1093 456 1164 idest,
479 1091 515 1153 ad
531 1112 708 1172 supremum3
730 1106 760 1155 et
774 1095 828 1155 hoe
843 1094 925 1155 dicit:
949 1094 1016 1154 Cum
1031 1097 1071 1153 sis
1087 1095 1200 1167 iossor,

179 1203 234 1242 non
250 1183 343 1261 possis
359 1181 465 1240 moveri
480 1180 526 1238 vel
541 1178 575 1238 sd
591 1189 651 1241 tres
667 1199 800 1241 numeros
821 1182 911 1261 satyri
932 1178 1072 1261 Bathylli,
1098 1177 1128 1239 id
1150 1190 1201 1241 est

178 1268 374 1347 pantomimum
390 1267 490 1325 imitari
507 1285 561 1323 non
576 1266 680 1344 possis.

266 1355 336 1415 123.
365 1351 619 1428 'Bathyllw
662 1362 754 1411 autem
795 1352 1067 1430 *pantomimus
1103 1351 1197 1424 luit,

177 1437 416 1498 Maecenatis
444 1432 641 1496 libertus*
674 1436 754 1514 Ergo
773 1448 804 1496 ut
825 1438 997 1516 impossihile
1019 1447 1062 1496 est
1083 1437 1197 1497 rustico

177 1525 373 1603 pantomimum
389 1523 506 1593 imitari,
523 1522 564 1579 sio
579 1522 751 1599 impossihile
767 1523 852 1582 stulto
867 1523 1033 1602 sapientiam
1048 1523 1138 1603 sequi.

176 1609 323 1668 Numeros
336 1607 404 1667 dicit
417 1619 516 1678 tonos,
530 1607 575 1666 vel
592 1607 752 1686 rhythmos.

264 1698 335 1756 121.
357 1693 446 1753 Liber
460 1712 526 1770 ego.
549 1691 647 1751 Verba
669 1693 775 1772 culpati
794 1692 903 1765 vitiosi,
926 1691 1025 1772 quihus
1045 1709 1083 1752 ex
1097 1692 1196 1773 populi

176 1781 364 1858 responsione
392 1781 488 1837 utitur.
577 1778 657 1837 Unde
688 1780 789 1838 datam
816 1779 871 1837 hec
888 1780 990 1838 sume.
1026 1777 1064 1836 Et
1084 1789 1194 1857 poetas

176 1862 323 1938 Quomodo
345 1875 375 1923 te
390 1864 507 1922 liherum
523 1881 590 1921 esse
606 1861 693 1935 dicis,
716 1883 777 1923 cnm
798 1865 928 1923 vitiorum
949 1882 1049 1924 sersus
1065 1866 1127 1923 sisi
1155 1863 1195 1923 Et

175 1951 292 2021 transit,
314 1959 345 2009 nt
359 1947 479 2019 doceat,
501 1967 582 2027 qnam
603 1948 705 2007 multos
726 1949 802 2008 stulti
825 1946 953 2008 domines
967 1948 1107 2022 habeant,
1129 1959 1193 2008 tan·

176 2054 257 2115 quam
273 2037 319 2115 qui
335 2035 403 2094 nihil
418 2033 535 2093 arbitrio
551 2053 619 2104 suo,
635 2031 687 2093 sed
702 2035 778 2093 iussu
792 2035 921 2094 vitiorum
939 2035 1074 2094 elliciant.

264 2125 335 2183 125.
356 2124 407 2181 Aa
430 2121 575 2179 demultum
596 2120 737 2197 1111111111,
760 2139 796 2178 nn
822 2121 982 2191 existimas,
1005 2119 1106 2179 nullum
1122 2137 1192 2180 esse

175 2203 330 2277 dominnm,
351 2206 405 2264 nisi
421 2225 503 2277 enm,
526 2205 651 2284 quicum
666 2215 695 2264 te
710 2205 918 2277 manumiserit,
941 2203 1044 2264 desinit
1057 2223 1123 2264 esse
1139 2202 1192 2264 do·

174 2290 281 2363 minus,
297 2301 327 2350 ot
341 2288 511 2351 dominatum
526 2291 607 2368 virga
622 2291 699 2349 servi
713 2299 799 2369 caput
812 2300 931 2369 tangens
946 2288 1094 2350 dissolvit?
1115 2288 1192 2362 Quia

173 2375 393 2436 manumittendo
416 2387 472 2435 tatu
495 2394 595 2436 servus
617 2394 634 2433 a
656 2373 786 2449 domiuo,
809 2386 890 2457 qnam
912 2373 1038 2435 dominus
1053 2374 1089 2435 ab
1103 2375 1191 2449 illius,

174 2481 256 2542 quem
272 2462 452 2533 manumittit,
474 2461 594 2521 servitio
609 2458 773 2520 absolvitur.

262 2551 332 2610 126.
353 2548 372 2605 1
380 2566 459 2625 puer
468 2590 478 2619 ,
495 2555 526 2605 et
538 2546 683 2624 strigiles.
706 2546 848 2625 Smlgs'les
863 2542 993 2606 dicuntur
1006 2545 1055 2605 illa
1069 2545 1189 2620 velaria,

173 2630 247 2693 unde
274 2632 397 2692 athletae
426 2643 491 2712 post
512 2630 637 2690 lahorem
664 2640 829 2711 terguntur:
858 2631 913 2691 hoc
932 2641 978 2692 est
998 2651 1016 2691 a
1037 2629 1188 2710 tergendo,

173 2715 246 2797 qued
263 2715 375 2777 Graece
389 2714 542 2795 στλεγγίζω
558 2714 660 2775 dicitnr
672 2721 693 2776 ¹.

260 2806 330 2865 128.
352 2803 416 2862 Nec
430 2802 564 2880 cuiquem
580 2803 765 2862 eatrsirsecus
786 2804 890 2863 111111.
918 2801 979 2862 1111
1001 2811 1061 2862 est:
1084 2800 1110 2861 si
1130 2821 1187 2861 non

170 2899 200 2948 te
216 2888 359 2967 compellit
374 2888 516 2947 servitium
531 2888 689 2966 proprium,
712 2886 759 2948 vel
773 2888 865 2948 minae
880 2907 960 2949 meae
975 2897 1051 2947 tuam
1065 2897 1188 2948 mentem

171 2983 328 3034 exterrent.

260 3062 329 3122 123.
352 3058 415 3117 Sed
433 3059 464 3116 si
482 3058 561 3117 intus
581 3066 612 3116 et
631 3059 661 3116 in
676 3058 782 3118 iecore.
804 3057 934 3138 Colligit,
953 3057 1001 3118 vel
1015 3077 1070 3118 non
1085 3058 1187 3132 minus,

169 3143 216 3204 vel
231 3147 320 3223 magis
336 3144 444 3204 seruire
461 3161 540 3212 eum,
565 3144 612 3222 qui
627 3143 694 3201 vitio
709 3141 820 3202 deditus
835 3154 898 3216 est,
914 3163 994 3225 qnam
1010 3162 1092 3216 enm,
1108 3145 1186 3224 quie

169 3227 282 3289 domiuo
304 3228 340 3288 oh
363 3229 514 3307 segnitiem
536 3229 682 3287 ministerii
704 3238 799 3308 potest
825 3228 983 3289 verberari.
1018 3228 1081 3302 Quo
1102 3239 1187 3308 paeto

170 3334 241 3395 ergo
256 3325 284 3375 te
300 3333 411 3373 servum
427 3331 534 3393 negas,
554 3314 634 3372 euius
656 3324 756 3392 pectus
771 3315 948 3394 animumque
963 3324 1005 3374 tot
1020 3312 1186 3375 dominatio·
1272 3312 1279 3329 '

169 3419 223 3460 nes
237 3397 429 3459 obsederunt?
451 3397 478 3458 id
494 3409 556 3471 est,
572 3400 700 3471 avaritia,
716 3397 869 3478 cupiditas,
885 3400 995 3480 aliaque
1008 3400 1095 3471 vitia,
1111 3419 1186 3481 qnae

169 3506 221 3566 pro
236 3484 355 3544 dominis
376 3486 478 3565 posuit.

256 3575 327 3633 131.
355 3572 505 3629 Seue'eom
527 3568 665 3629 habenam
687 3567 773 3642 dicit,
800 3566 873 3651 quod
896 3570 958 3631 eius
981 3589 1049 3631 usus
1071 3568 1126 3631 lori
1148 3568 1185 3631 ed

167 3654 266 3735 plagas
282 3653 355 3733 apud
372 3654 494 3734 Scythas
510 3656 639 3713 inventus
656 3655 703 3714 sit.

255 3742 438 3803 1321111111
461 3741 554 3819 piger
580 3742 693 3799 stertis.
721 3738 986 3810 Demonstraturos,
1015 3758 1089 3821 qnae
1115 3740 1186 3800 11111

166 3826 240 3885 lutra
260 3835 360 3903 pectus
383 3825 502 3884 hominis
524 3823 717 3897 dominentur,
740 3823 846 3885 inducit
865 3822 1050 3886 dormientem
1064 3826 1185 3886 excitari

166 3910 367 3982 abnueritis,
385 3920 416 3970 et
430 3910 465 3970 ah
482 3929 516 3969 es
533 3910 685 3989 obiurgari.

254 4000 324 4059 133.
346 3997 404 4055 Ele
412 4039 425 4067 ‚
439 4015 551 4073 surge,
566 4014 670 4073 negas.
691 3996 807 4069 Inslnt5
826 4015 936 4074 surge,
959 3997 1065 4075 inquil.
1092 3994 1131 4055 111
1152 4006 1182 4055 tu

166 4079 254 4140 dieis:
283 4082 404 4160 Nequeo
424 4100 562 4158 surgere.
593 4082 640 4140 En
663 4080 735 4160 qnid
755 4086 866 4159 egem?
893 4080 998 4142 lterum
1021 4092 1052 4141 ot
1066 4082 1182 4160 saepius

165 4165 213 4225 ille
236 4164 362 4225 dominus
386 4167 511 4238 excitat,
539 4164 652 4226 tandem
682 4166 782 4245 surgit.
818 4167 876 4226 Etis
899 4163 1182 4228 1111111111κοί-

166 4260 280 4312 tantem.

166 4434 177 4486 1
198 4433 241 4488 111.
259 4435 316 4487 eod.
335 4435 411 4488 ileum
432 4433 596 4504 „Nepotem
614 4433 772 4502 pshosnref‘
