2574 5054
130 895 234 980 aeeepi
247 914 270 961 a
286 891 327 960 C.
345 891 386 959 b.
403 891 603 974 Heinriobie,
626 916 719 973 mex,
743 903 778 961 ut
791 913 900 981 spero,
923 895 1069 965 edendas.
1098 897 1164 967 Eae

131 1036 200 1080 eun
221 1015 296 1079 mibi
320 1034 429 1079 nense
454 1011 628 1097 Septembri
649 1016 721 1079 aeni
742 1015 898 1099 praeteriti
926 1016 1082 1098 traderet,
1112 1018 1163 1084 ubi

131 1134 370 1197 commentarios
400 1152 485 1197 meus
514 1143 724 1217 praeterquam
753 1132 784 1195 in
814 1143 933 1197 sextam
956 1134 1080 1198 satiram
1103 1136 1162 1203 iem

133 1253 214 1337 typis
229 1250 390 1316 naudaeus
405 1252 479 1327 fuir,
506 1250 645 1335 seposui,
673 1271 731 1315 nee
751 1251 842 1314 ullum
865 1270 968 1314 earum
989 1272 1074 1316 usum
1091 1255 1162 1333 leei,

132 1371 193 1433 nisi
210 1369 289 1453 quel
305 1371 374 1433 eod.
392 1368 524 1432 Romani
539 1368 701 1432 collatione
715 1368 746 1431 iu
758 1369 983 1453 prolegomenis
999 1390 1071 1433 usus
1087 1392 1163 1434 sunr.

132 1486 199 1552 seu
221 1490 312 1551 linem
333 1498 434 1552 autem
457 1486 530 1551 anui
552 1486 711 1571 praeteriti
736 1487 840 1571 eoeepi
867 1483 906 1551 C.
930 1484 958 1550 F
962 1533 969 1548 .
995 1485 1164 1552 Hermanni

133 1606 286 1669 lectiones
315 1601 482 1670 Persianas
511 1603 548 1668 ab
577 1615 703 1669 auctore
732 1604 805 1668 milri
835 1605 915 1667 dono
945 1605 1074 1683 misses,
1105 1627 1164 1688 quo

134 1736 274 1808 tempore
297 1733 420 1808 praeter
444 1734 562 1787 textum
592 1732 624 1787 et
653 1722 902 1788 commentarium
933 1723 1022 1786 etiam
1050 1722 1164 1788 sebolie

135 1844 285 1927 impressa
305 1853 413 1921 erant,
445 1851 477 1906 et
498 1842 736 1927 prolegomeneu
759 1840 853 1924 prima
884 1860 954 1925 pars
982 1841 1162 1925 perscripta.

136 1959 243 2043 ltaque
265 1981 323 2024 nee
345 1979 397 2024 eas
418 1960 523 2044 legere
544 1960 646 2036 volui,
670 1960 723 2023 sed
748 1979 839 2043 epus,
864 1977 959 2043 peeue
980 1958 1161 2037 absolutum,

135 2090 169 2140 ιιι
183 2079 379 2163 inceperam,
402 2078 535 2164 perfeci,
561 2087 592 2140 et
607 2098 687 2140 nune
703 2077 822 2140 tandem
838 2077 875 2140 ad
893 2078 958 2140 eius
974 2076 1041 2141 libri
1057 2079 1164 2142 lectio·

134 2215 206 2258 nem
227 2196 384 2261 accedam.
416 2192 603 2281 Quamquam
626 2196 707 2260 enim
723 2197 832 2261 vellem
849 2205 882 2257 ιιι
896 2216 952 2259 suo
968 2207 1103 2281 tempore
1119 2195 1164 2261 uti

135 2314 173 2377 iis
189 2315 375 2399 potuissem,
395 2335 472 2398 quae
488 2315 537 2379 vir
552 2314 743 2379 doctissimus
759 2325 978 2378 commentatus
993 2325 1058 2392 est,
1083 2335 1163 2378 nune

133 2433 244 2496 melius
276 2433 370 2513 duxi,
401 2452 535 2496 meorum
565 2434 732 2498 studiorum
763 2444 942 2518 proventum
971 2453 1094 2517 prorsus
1117 2433 1163 2495 in·

134 2562 249 2614 tactum
265 2572 406 2616 seruere.
440 2548 503 2615 laur
524 2573 590 2614 oum
605 2553 700 2616 melta
714 2552 781 2616 siue
797 2551 886 2615 dubio
903 2550 940 2614 ab
957 2571 994 2615 ee
1011 2551 1164 2635 preposite

134 2670 219 2745 ιίιιι,
242 2690 320 2752 quae
342 2670 421 2756 apud
443 2691 490 2735 me
515 2691 631 2754 quoque
653 2671 814 2755 leguntur,
838 2691 900 2734 uon
926 2690 1005 2754 nego
1028 2670 1162 2754 gaudere
1280 2692 1286 2700 ·

135 2807 205 2864 me,
234 2788 315 2870 quod
343 2789 387 2851 ita
416 2800 555 2866 constet,
586 2810 604 2852 a
633 2810 681 2853 me
711 2809 829 2871 quoque
858 2808 896 2852 ea
924 2789 1050 2853 inventa
1079 2808 1161 2852 esse.

135 2905 248 2969 Restat
270 2906 421 2989 denique,
451 2918 485 2970 ut
507 2907 542 2970 tle
564 2908 786 2991 prolegomenis
810 2906 914 2991 paneis
936 2926 1086 2969 moneam.
1125 2903 1161 2969 ln

136 3024 244 3107 quibus
267 3025 366 3109 paullo
388 3026 478 3089 latius
500 3027 686 3109 evagandum
711 3026 785 3101 luit,
818 3036 850 3087 ut
878 3024 1161 3109 omnia'eompeue·

138 3155 264 3219 rentur,
288 3163 365 3225 quae
388 3144 426 3207 ad
447 3146 636 3208 formandum
659 3145 696 3207 tle
711 3141 813 3208 Persii
828 3143 951 3226 ingenie
968 3154 999 3207 et
1014 3155 1101 3221 arte,
1127 3143 1164 3208 tle

137 3264 204 3325 eius
225 3261 321 3326 satira
344 3282 411 3327 enm
434 3263 543 3327 ceteris
566 3263 699 3327 satiricis
721 3273 893 3347 comparata
917 3261 1060 3325 iudicium
1082 3263 1165 3325 laee-

136 3391 219 3444 rent.
258 3375 305 3442 De
334 3380 508 3464 quibusdem
537 3381 709 3445 eeeuratius
738 3382 942 3464 quaerendum
964 3379 1057 3454 duxi,
1088 3398 1165 3460 quae

136 3497 272 3561 nondum
291 3498 333 3561 ite
354 3500 493 3583 exposita
521 3498 644 3575 inveni,
669 3498 864 3563 utbreviter
892 3499 930 3562 de
957 3497 1163 3582 gravioribus,

135 3638 213 3700 quae
230 3616 363 3680 maxime
379 3619 417 3682 ad
438 3639 501 3683 rem
523 3618 734 3703 pertinerent,
749 3617 858 3680 relerri
875 3617 1018 3701 potuerit.
1051 3613 1166 3698 Quam-

135 3757 225 3820 quam
248 3737 299 3799 vel
321 3736 366 3799 sie
388 3738 510 3800 multum
536 3737 643 3814 abest,
666 3747 699 3799 ut
722 3735 822 3799 emnia
845 3735 996 3800 exhausta
1017 3735 1068 3798 vel
1090 3733 1165 3797 satis

133 3855 289 3920 subtiliter
309 3865 341 3919 et
363 3856 451 3939 plene
474 3865 603 3919 tractata
634 3875 702 3919 esse
732 3864 852 3939 putem:
883 3853 1010 3917 sufficiet
1037 3852 1109 3916 mihi
1137 3851 1165 3917 si

134 3975 336 4059 gravissimas
366 3993 417 4036 res
447 3974 613 4038 attendisse
643 3995 702 4037 nee
731 3970 928 4055 indiligenter
956 3971 1165 4054 quaestionem

134 4093 270 4157 movisse
288 4089 362 4155 Tibi
377 4091 515 4156 videbor.
553 4089 614 4172 lis,
637 4112 714 4174 quae
731 4092 768 4154 de
784 4087 923 4155 Cornuto
939 4101 970 4155 et
983 4087 1086 4153 Probo
1104 4089 1164 4153 dis·

135 4211 240 4292 serui,
268 4209 403 4274 nondum
424 4231 490 4275 rem
511 4222 665 4296 pernetam
688 4229 756 4274 esse
786 4211 904 4289 fateor,
934 4230 1041 4273 verum
1068 4208 1100 4270 iu
1130 4224 1165 4271 re

136 4331 268 4397 obseura
285 4341 318 4394 et
333 4329 475 4395 intricata
491 4330 564 4395 nulli
579 4350 689 4414 operae
713 4329 892 4414 parcendum
918 4324 1110 4404 existimavi,
1133 4333 1167 4388 ιιι
