2574 5054
204 738 268 806 188
560 741 645 804 sut.
660 742 698 816 V,
711 745 852 807 tet-⁴5.

204 914 314 974 lectiam
329 910 462 986 adbrbet,
481 913 529 974 ubi
549 910 587 975 de
609 910 735 974 fallendo
748 915 859 992 agitur,
878 930 951 992 qnae
964 930 1020 971 non
1036 912 1126 986 laliit,
1147 913 1220 996 qnod

204 1018 368 1080 quamquam
397 999 656 1079 intelligi'potest‚
683 998 842 1059 insolenter
866 1017 921 1057 nec
942 996 1016 1056 bene
1038 997 1141 1059 dictum
1164 1010 1220 1060 est.

203 1086 330 1146 Animus
353 1086 470 1144 ratium
487 1086 653 1163 praecitur,
676 1093 709 1143 ut
728 1081 801 1165 apud
816 1082 919 1161 Virgil.
932 1080 1007 1143 Aen.
1019 1084 1070 1155 vt,
1084 1088 1127 1148 80
1141 1084 1221 1163 fingit

205 1168 377 1249 premendo,
397 1190 454 1249 qno
474 1167 655 1231 referendum
677 1170 759 1230 omer·
776 1169 914 1239 loborat,
936 1188 999 1228 cum
1020 1167 1114 1230 studio
1128 1190 1165 1230 ac
1179 1171 1221 1229 la·

203 1255 274 1314 bore
294 1257 416 1315 vincitur
438 1254 522 1328 (Ptin.
543 1275 609 1334 epp.
628 1255 651 1327 l,
669 1257 719 1327 10,
742 1258 764 1317 2
787 1256 931 1334 amarique
956 1253 993 1313 nb
1014 1275 1051 1315 eo
1071 1255 1221 1332 laboravi),

203 1342 243 1399 cl.
259 1340 351 1400 Plant.
365 1341 445 1399 Trio.
460 1341 496 1410 11,
510 1343 542 1410 2,
557 1344 617 1404 293
639 1341 683 1399 Tu
703 1341 727 1398 ai
750 1342 869 1400 animum
891 1340 1001 1411 vicisti,
1022 1342 1117 1419 potins
1137 1362 1220 1422 ςιιιιιι

203 1426 311 1486 animus
327 1437 373 1498 te,
388 1436 434 1487 est
448 1423 523 1505 qnod
537 1424 675 1505 gaudeas.
702 1426 823 1484 Vultum
837 1426 929 1496 ducit,
945 1435 976 1483 nt
989 1424 1099 1505 lapides
1114 1425 1222 1488 ducere

204 1512 322 1571 formam
338 1509 657 1583 autonomastice
673 1497 886 1584 (alited'dicitnr
900 1511 1005 1570 artifex
1019 1513 1131 1584 euleu,
1146 1531 1220 1592 opus

203 1598 268 1657 eim.
294 1598 420 1668 ducere,
443 1596 525 1674 Virg.
547 1594 624 1657 Aen.
644 1595 695 1667 Vl,
708 1600 781 1659 848.
797 1596 892 1669 Quint.
907 1595 944 1667 X,
958 1599 989 1667 3,
1006 1601 1077 1670 18),
1100 1608 1151 1657 tuo
1165 1600 1221 1664 sud

199 1683 330 1761 pollice,
353 1679 419 1762 qnia
434 1682 560 1741 artifices
574 1683 602 1741 iu
617 1677 756 1760 fingendis
771 1701 788 1741 e
803 1700 889 1752 cera,
911 1682 1011 1759 argilla
1031 1682 1123 1743 aliare
1144 1684 1221 1743 molli

203 1770 322 1827 materia
343 1766 444 1845 sigillis
466 1768 570 1845 pollice
591 1769 766 1847 potissimum
787 1777 919 1838 utuntur,
940 1786 968 1826 v.
992 1766 1073 1827 Ovid.
1095 1766 1167 1828 Met
1182 1767 1220 1840 X,

202 1855 266 1914 281
281 1872 358 1931 squ:
383 1850 418 1911 Ut
433 1851 574 1930 Hymettia
589 1853 652 1912 sole
668 1851 744 1911 Cera
758 1852 945 1922 remollescit,
967 1862 1145 1933 tractataque
1159 1853 1222 1932 poi-

203 1935 259 1995 iice
274 1939 375 1996 multas
391 1936 529 1996 Flectitur
543 1939 570 1996 in
586 1938 688 1997 iacies.
704 1934 777 1996 Stat.
792 1934 896 1997 Acbill.
911 1937 933 2009 1,
941 1940 1004 2000 882
1014 1957 1075 2018 sq.:
1092 1938 1222 2011 Qualiter

202 2022 319 2081 artilicis
335 2023 462 2081 victurae
476 2023 580 2101 pollice
594 2041 681 2083 cerae
695 2020 847 2102 Accipiunt
860 2023 982 2094 formes,
997 2023 1038 2084 cl.
1056 2022 1140 2102 llutg.
1155 2024 1220 2085 VV.

203 2104 262 2167 bb.
278 2107 300 2179 1,
315 2111 346 2169 2.
379 2106 526 2189 Frequens
550 2116 643 2167 autem
665 2106 739 2168 baec
761 2105 798 2166 ad
819 2109 938 2167 animum
953 2106 1112 2186 lingendum
1126 2119 1222 2169 mans

203 2192 289 2264 latio,
311 2193 351 2251 cl.
373 2192 470 2252 loven.
490 2192 553 2261 vlt,
572 2196 637 2256 237
651 2211 713 2271 sq.=
741 2191 854 2271 Exigite
875 2203 905 2251 ut
925 2212 1019 2252 mores
1033 2203 1151 2253 teneros
1167 2214 1221 2255 cen

202 2276 306 2357 pollice
321 2275 416 2349 ducat,
432 2277 468 2338 Ut
482 2280 506 2336 si
523 2277 585 2358 quis
600 2297 669 2337 cera
683 2277 787 2337 ruitum
803 2278 884 2336 lacit.
909 2277 1160 2356 Puneppvtte,
1171 2285 1220 2342 11.

205 2363 323 2421 Vultum
336 2360 404 2422 dicit
413 2363 557 2442 arteficem.
568 2365 588 2423 i.
599 2382 628 2423 e.
639 2374 703 2422 arte
712 2362 826 2434 lactum,
841 2364 880 2422 cl.
890 2362 972 2443 Prop.
982 2362 1030 2434 111,
1038 2367 1080 2426 29
1086 2364 1221 2444 [11,31]8

201 2447 326 2507 artifices
342 2446 496 2527 (Myronis)
512 2449 619 2521 boucoy
638 2447 705 2509 vat.
721 2448 763 2508 ΡΙ.
779 2448 828 2520 Vl,
843 2453 906 2512 465
919 2450 1088 2527 aspiramine
1104 2450 1221 2509 artificis

202 2531 330 2604 formae,
347 2533 441 2606 Quint.
450 2534 540 2605 lxm,
551 2538 581 2603 8,
597 2533 702 2593 artilex
717 2545 825 2604 motnsr
843 2532 914 2593 Plio.
926 2534 964 2606 Χ,
978 2537 1030 2605 29,
1043 2539 1084 2597 tt
1094 2536 1219 2595 artifices

202 2618 343 2695 argutiae.
372 2619 475 2678 Tecum
488 2638 655 2678 consumere
666 2619 739 2691 (Cic.
755 2637 816 2697 rep.
829 2617 879 2690 VI,
891 2624 921 2691 9,
937 2624 972 2683 9ι
986 2619 1139 2700 Multisque
1154 2640 1220 2680 ver-

202 2701 246 2761 bis
266 2703 340 2761 uitro
361 2704 489 2784 citroque
511 2704 632 2774 habitis,
653 2704 702 2763 itte
719 2705 799 2762 nobis
814 2716 996 2785 consumptus
1011 2715 1056 2764 est
1071 2703 1144 2766 dies.
1167 2706 1219 2765 0r.

201 2784 267 2849 Am.
281 2787 317 2859 ll,
334 2792 384 2860 19,
397 2793 438 2851 27
452 2789 491 2847 ib.
507 2788 613 2861 burm.)
629 2791 747 2848 memini
758 2791 861 2867 longos
872 2792 967 2862 soles,
990 2801 1066 2849 totos
1087 2787 1166 2862 dies,
1189 2800 1222 2850 nt

201 2870 275 2952 apud
297 2871 381 2951 Virg.
398 2873 460 2933 Ecl.
481 2874 532 2946 IX,
548 2880 585 2937 51
611 2874 711 2952 longos
732 2873 857 2935 condere
880 2877 975 2948 soles,
1005 2885 1036 2934 et
1053 2876 1150 2954 epulas
1170 2876 1219 2935 dc·

201 2976 324 3036 corpere
342 2960 458 3038 primus
477 2969 595 3031 noctes,
619 2961 719 3038 epulas
741 2961 769 3019 in
791 2962 907 3039 primam
923 2963 1013 3020 noctis
1028 2970 1137 3039 partein
1153 2980 1220 3041 pro·

200 3043 334 3115 trahere,
355 3041 430 3123 qnod
445 3044 517 3105 uliae
532 3043 635 3104 dicitur
649 3047 685 3104 de
697 3055 781 3104 nocte
799 3065 915 3105 sumere
935 3047 986 3119 (cl.
1003 3045 1037 3105 11.
1054 3044 1167 3106 Peerlk.
1183 3045 1219 3105 ad
1278 3111 1280 3115 ,

202 3126 271 3188 Hor.
287 3148 377 3189 carni.
393 3128 415 3195 1,
433 3135 462 3202 1,
477 3134 541 3203 20).
568 3132 660 3190 lluum
674 3150 746 3208 opus
761 3139 792 3189 ct
805 3150 884 3190 unam
900 3133 1029 3210 requiem
1047 3132 1098 3203 (cl.
1116 3131 1221 3211 Meyer

201 3232 298 3293 progr.
313 3225 388 3293 grat
405 3214 483 3274 Utin.
501 3234 529 3274 a.
542 3219 624 3278 1812
639 3235 666 3294 p.
678 3220 712 3276 11
727 3221 782 3294 sq.)
794 3217 915 3294 purt‘ter
929 3218 1107 3295 dr'spom’mus
1122 3217 1218 3288 umbo,

201 3298 240 3358 ci.
255 3298 338 3377 Virg.
354 3299 460 3378 Georg.
481 3300 626 3372 1v,1es:
649 3300 783 3360 Omnibus
805 3321 860 3358 una
880 3303 961 3380 quies
983 3320 1116 3380 opernm,
1139 3301 1221 3361 labor

201 3384 328 3442 omnibus
351 3405 435 3445 unus.
478 3389 579 3465 Atque
598 3387 679 3445 serio
697 3382 789 3444 studia
810 3386 963 3458 doeemur,
986 3387 1169 3458 remittimus,
1190 3398 1221 3446 nt

201 3467 299 3528 laxare
315 3468 440 3531 laborem
456 3470 520 3530 Liv.
537 3470 587 3541 VI,
602 3474 632 3541 9,
648 3474 678 3541 9,
694 3489 777 3529 curas
792 3471 873 3550 Virg.
888 3471 963 3530 Aen.
973 3472 1023 3542 lX,
1031 3475 1105 3542 228,
1120 3490 1220 3531 mensu

201 3555 384 3625 uerecundo,
400 3555 436 3614 ab
451 3556 525 3614 omni
541 3555 650 3616 luxurie
665 3564 785 3615 remota.
810 3556 889 3629 Quae
905 3567 1059 3636 sequuntur
1073 3575 1110 3616 ex
1125 3567 1220 3615 astro

200 3638 329 3716 logorum
351 3637 479 3698 doctrina
502 3638 649 3719 desumpta
671 3650 753 3711 snut,
775 3661 848 3721 quae
868 3641 942 3720 apud
957 3641 1097 3700 Romanos
1112 3643 1142 3700 in
1157 3640 1219 3702 dies

201 3725 336 3784 maiorem
352 3722 432 3783 fidem
449 3725 680 3797 nanciscebatur,
702 3726 827 3805 inprimis
842 3725 907 3787 inde
923 3747 940 3784 a
954 3727 1086 3798 Tiberio,
1112 3729 1159 3806 qui
1175 3728 1220 3787 bis

200 3808 308 3868 artibus
324 3807 435 3869 deditus
451 3821 531 3881 erat,
547 3811 585 3869 ei.
602 3810 779 3870 collectanea
793 3810 909 3891 Ruperti
925 3809 1040 3872 ad'l'ac.
1050 3830 1114 3871 auu.
1122 3813 1158 3883 Π,
1165 3817 1218 3875 27.

200 3893 236 3955 ci.
252 3894 331 3954 Mttll.
347 3895 465 3954 Etrusb.
483 3895 508 3955 ΙΙ
519 3915 546 3974 p.
559 3899 608 3957 16.
631 3894 765 3967 Persius,
781 3900 828 3977 qui
843 3898 890 3956 vix
904 3898 1077 3976 astrologiae
1092 3899 1219 3957 notitiam

200 3982 407 4040 accuratiorem
416 3980 550 4052 babebat,
565 3981 604 4039 ita
619 3990 759 4040 astrorum
775 3984 887 4041 nomine
903 3982 1000 4060 clegit,
1016 3993 1047 4040 ut
1061 3984 1218 4043 orationem

200 4066 234 4124 iis
249 4064 486 4125 accommodatam
502 4076 569 4146 apte
582 4066 728 4144 figuraret.
744 4065 941 4127 Conferendns
953 4077 1000 4126 est
1014 4065 1123 4125 Horatii
1139 4067 1219 4127 locus

202 4158 301 4222 (oarm.
318 4149 352 4222 11,
370 4155 420 4224 17,
437 4158 475 4216 17
489 4159 581 4231 sqq.)=
613 4149 672 4210 Seu
687 4149 791 4231 Libry,
813 4172 865 4212 seu
887 4172 931 4213 me
947 4151 1083 4231 Scorpius
1098 4150 1220 4233 adspicit

201 4232 427 4309 formidolosus,
450 4256 516 4316 pars
531 4236 682 4296 violentior
695 4235 805 4296 Natalis
821 4237 924 4310 borae,
940 4257 992 4298 seu
1006 4248 1145 4317 tyrannus
1160 4237 1220 4298 Me·

201 4322 314 4399 speciae
322 4320 510 4400 Capricornus
526 4319 636 4380 undae:
656 4320 807 4403 Utrumque
823 4334 947 4384 nostrum
963 4321 1118 4383 incredibili
1134 4321 1219 4382 modo

201 4404 349 4466 consentit
370 4417 485 4468 astrum.
522 4406 565 4468 'le
588 4407 662 4467 lovis
685 4408 769 4489 impio
796 4408 899 4470 Tutela
923 4410 1046 4470 Saturno
1068 4409 1218 4489 refulgens
