2574 5054
180 702 247 773 248
435 701 568 764 sciton
589 700 643 762 rii)
666 699 749 762 SAT.
770 699 926 775 1,2-t.

267 881 299 942 2.
320 875 335 905 ·
353 874 444 952 Quis
464 870 701 951 legetluee?
722 869 820 931 lianc
835 889 980 931 versun
1000 868 1041 933 de
1057 832 1205 933 Lucilii

111 940 143 1031 ll
183 965 297 1047 primo
326 960 530 1020 transtulit
549 956 597 1029 μ,
623 968 653 1017 et
674 956 811 1016 bumauae
827 958 902 1015 ritae
916 958 984 1017 vitia
999 959 1150 1037 increpans
1167 960 1206 1018 ab

183 1048 368 1112 admiratione
384 1046 490 1124 incipit.
520 1042 710 1102 [licitantem
734 1043 804 1101 sibie
825 1041 900 1101 Mire'
916 1062 967 1121 pro
989 1044 1120 1102 mr'de'rrei
1153 1043 1205 1103 Fi·

183 1153 255 1216 gura
271 1126 447 1211 synaeresis.
531 1127 606 1188 dliia'
629 1138 661 1187 tu
682 1129 787 1187 istud?
815 1126 864 1186 Sic
886 1127 1122 1206 pronunciandum
1145 1141 1205 1201 cst,

184 1221 265 1303 qnasi
288 1217 324 1276 de
345 1237 378 1277 ra
399 1235 454 1274 uon
477 1211 627 1274 manifesta
649 1210 753 1271 audiat.
837 1213 930 1272 Nemo
951 1215 1099 1287 Hercule,
1122 1215 1206 1274 ellim

183 1309 286 1369 native
302 1313 333 1364 et
347 1299 557 1362 adverbialiter.
641 1299 757 1357 Nemo?
777 1296 939 1375 interrogat
952 1296 1104 1358 admirans.

270 1395 301 1454 li.
322 1388 415 1449 Nemo
444 1404 514 1464 ergo
541 1384 566 1443 si
588 1395 671 1443 acuta
691 1382 802 1461 prima2
822 1381 907 1453 dicit,
930 1382 1044 1443 Persius
1066 1382 1135 1444 dicit
1156 1386 1210 1444 vel

185 1480 243 1539 duo
258 1474 369 1535 lecturi
384 1481 490 1531 erunt:
512 1480 541 1530 et
562 1489 625 1530 cum
646 1470 817 1548 repetitione
838 1468 930 1527 intulit
944 1470 993 1528 uel
1005 1479 1035 1528 et
1049 1471 1115 1550 qaia
1128 1469 1206 1530 banc

184 1564 314 1625 vitiorum
330 1559 475 1618 materiam
491 1553 598 1615 dubitat
612 1555 696 1614 etiam
712 1573 729 1612 a
743 1554 842 1633 paucis
856 1553 931 1631 legi,
953 1556 1118 1615 intercisivc
1133 1553 1208 1614 dixit

186 1650 252 1719 uel,
275 1666 331 1705 non
353 1641 477 1713 addens,
502 1659 589 1711 unus,
611 1639 748 1700 veltres.
833 1640 935 1700 Nemo.
965 1638 1097 1699 Persistit
1111 1642 1138 1699 in
1155 1660 1206 1713 eo,

185 1731 261 1817 quod
275 1730 360 1791 dixit:
383 1729 475 1788 Nemo
489 1726 627 1785 Hercule.
717 1726 814 1804 Turpe
834 1734 866 1784 et
883 1725 1069 1784 miserabile!
1093 1725 1206 1806 Turpe,

184 1823 211 1881 ei
224 1818 295 1889 dno,
311 1825 341 1876 et
355 1811 532 1883 miserabile,
554 1812 578 1869 si
593 1830 692 1883 nemo,
707 1820 737 1870 et
752 1811 832 1889 quasi
847 1811 965 1888 corrigit
979 1808 1116 1870 dicendine

157 1905 214 1971 s
270 1907 300 1964 i.
326 1902 450 1977 Quare?
477 1915 514 1955 ne
528 1897 603 1954 milei
616 1893 814 1973 Polydamas,
831 1894 937 1965 idest,
954 1896 1114 1955 multinuba.
1145 1895 1207 1955 Po-

186 1986 313 2071 lydamas
336 1994 430 2042 autern
452 1979 548 2051 Nero,
569 1979 643 2060 quod
664 1983 755 2040 multis
771 1982 863 2060 nupsit
879 1984 911 2054 ³3
934 1991 983 2040 aut
996 1979 1070 2061 quod
1085 1981 1207 2042 timidus

184 2085 216 2136 et
236 2070 356 2133 imbellis
377 2068 446 2138 luit,
468 2076 499 2123 ut
520 2065 592 2144 apud
617 2066 766 2127 Homerum
782 2064 923 2126 inducitur
936 2064 1116 2146 Polydamas.

188 2158 347 2226 Troiades,
371 2151 490 2210 Romani
505 2152 689 2229 accipiamur.
719 2151 777 2212 Alii
792 2150 994 2232 Polydamanta
1014 2153 1108 2233 popuii
1134 2173 1206 2232 pem

184 2263 281 2306 sonam
298 2239 452 2316 accipiunt,
474 2255 546 2315 quae
562 2237 664 2315 loquax
679 2247 725 2295 est
739 2248 769 2297 et
783 2240 895 2318 inepta,
915 2238 1067 2297 cuiusmodi
1082 2249 1205 2298 naturae

185 2331 239 2390 luit
253 2322 438 2404 Polydamasa
461 2318 601 2380 Troiades
616 2341 686 2381 vero
701 2322 867 2383 nobiliores.
955 2324 1203 2395 ‘Labeonem

185 2415 267 2496 quia
290 2408 415 2470 Labeo
436 2405 640 2465 transtulit
659 2405 780 2466 iliada
802 2420 839 2469 et
860 2406 1206 2488 Odyescarn⁴‚ver-

184 2501 262 2561 bum
285 2515 330 2556 ex
353 2490 483 2562 verbo,
506 2488 670 2551 ridicule
695 2495 803 2565 satin,
826 2491 917 2574 quod
939 2493 1053 2554 verba
1074 2496 1205 2574 potins

184 2603 286 2668 qnam
309 2596 457 2638 aeneum
479 2586 633 2636 secutos
656 2577 717 2637 sit.
760 2578 852 2639 liius
872 2590 933 2639 net
954 2579 1022 2639 ille
1043 2598 1204 2640 versus:

226 2662 380 2727 Crudum
401 2659 601 2722 manduces
624 2661 819 2737 Priamum,
846 2662 1060 2744 Priamique
1083 2666 1205 2744 pisin-

844 2753 971 2809 now

182 3027 195 3080 i
215 3021 367 3143 iloqgsppol.
377 3020 459 3140 appe.
472 3018 662 3140 liqepereudum
680 3021 782 3089 potavit
796 3018 827 3072 G.
838 3020 980 3086 Pinzgerns
990 3017 1077 3072 ialen.
1087 3017 1203 3086 Littntg.

215 3108 241 3145 a.
347 3105 374 3139 n·
445 3104 468 3153 p.
544 3125 550 3139 .

180 3165 198 3217 2
215 3159 344 3212 odireneta
354 3171 471 3224 persona
488 3154 576 3209 Vinet.
597 3158 622 3208 in
640 3174 691 3223 mg.

180 3228 340 3286 SSinnerns
363 3226 453 3285 (catal,
475 3225 548 3275 codd.
573 3226 636 3277 bibi.
657 3228 781 3278 barsena.
802 3224 813 3279 l
834 3242 858 3293 p.
878 3225 989 3295 blisq.)
1014 3241 1045 3277 ex
1065 3222 1203 3290 ligationis

213 3298 269 3349 sire
294 3294 448 3358 Eugecionis
472 3294 638 3346 vocabulario
660 3302 727 3347 msto
754 3297 817 3347 baec
837 3295 925 3346 allert=
959 3294 1024 3356 „ilit
1049 3294 1108 3346 bine
1132 3294 1204 3346 Poli-

214 3367 303 3417 damas
327 3364 352 3413 id
378 3371 419 3414 eut
444 3363 584 3414 multicoba
615 3365 679 3429 (ing.
702 3364 867 3427 multinubo)
897 3371 924 3415 et
949 3364 1132 3428 multigamus,
1157 3365 1203 3430 qni

213 3434 309 3488 multas
327 3433 405 3483 babnt
423 3446 530 3491 uxores,
556 3434 624 3484 sicut
641 3431 791 3494 leitilane,
818 3433 861 3498 qni
880 3433 965 3483 dictos
983 3440 1023 3483 est
1040 3431 1202 3495 l’oiidamas,

214 3517 272 3555 nam
290 3502 388 3553 dicitur
405 3501 448 3550 vir
465 3500 546 3552 luisse
563 3503 673 3552 omniun
692 3502 827 3554 mulierum
846 3509 873 3552 ct
890 3501 984 3552 mulier
1001 3502 1112 3553 omniurn
1130 3501 1201 3552 viro·

214 3587 280 3625 rnm.
312 3568 384 3621 Unde
407 3568 529 3620 Persius:
557 3568 598 3621 Νο
614 3573 681 3620 mibi
697 3569 852 3621 Pelidamas
864 3574 893 3619 et
911 3569 1202 3621 Tror'adesbobeoaem

207 3638 428 3711 praetulerint.“
471 3637 542 3703 Quae
568 3639 656 3689 eadem
686 3639 810 3703 leguntur
839 3638 904 3705 apud
937 3638 974 3689 le.
1000 3638 1123 3689 alanna.
1153 3637 1201 3688 Ρι-

212 3710 283 3780 pisa:
305 3705 490 3774 „Polydamas
503 3706 528 3756 ia
547 3714 588 3758 eat
605 3707 759 3772 multinuba,
777 3707 819 3776 qni
838 3707 933 3757 mnitas
945 3715 1031 3768 asnat;
1048 3723 1108 3771 pen.
1117 3708 1202 3776 poly-

211 3778 381 3831 damanta's.“

177 3847 327 3900 illiadem
346 3849 375 3895 et
392 3841 426 3896 lll
443 3858 522 3893 meam
539 3843 581 3897 ed.
602 3861 640 3910 pr.

178 3917 350 3985 bpbe‘slrgos
368 3914 397 3964 P.
419 3859 478 3963 dia.
511 3912 611 3963 ilameri
637 3927 677 3963 rs·
702 3918 743 3962 est
769 3909 799 3961 li.
824 3904 851 3975 d,
872 3913 921 3965 35:
945 3906 1023 3978 ὠμὸν
1042 3907 1202 3980 βεβρώθοις

209 3985 339 4053 Πρίαμον
352 3976 491 4049 Πριάμοιό
505 3997 534 4031 τε
549 3976 659 4034 παῖδας.
678 3977 720 4030 lli.
741 3977 849 4030 Vinctus
868 3982 893 4031 in
912 3983 989 4046 epist.
1008 3981 1039 4032 ad
1059 3981 1086 4033 Ρ.
1106 3980 1202 4033 Danie-

211 4055 279 4117 lem,
297 4067 372 4119 qnam
391 4051 417 4101 in
436 4051 622 4117 prolegomenis
641 4052 767 4113 integrans
785 4050 875 4115 posui,
901 4050 937 4100 ita
956 4051 1002 4100 bon
1021 4050 1103 4100 scboi.
1124 4050 1203 4102 ailert

210 4139 244 4173 ex
261 4123 348 4173 codice
383 4119 419 4170 lo·
445 4118 518 4170 Tillii
538 4119 687 4170 Brioneusie
711 4119 837 4185 episcopis
863 4117 971 4177 „Labeo
995 4126 1069 4184 pocta
1086 4117 1201 4171 Latinus

211 4190 280 4255 fait,
324 4198 354 4242 ut
386 4187 540 4250 Fnigentine
571 4189 597 4238 in
629 4187 694 4238 libro
726 4195 751 4237 et
773 4186 938 4250 molosiamm
969 4188 1025 4249 ait,
1066 4189 1109 4253 qai
1142 4204 1202 4240 ear·

209 4276 266 4313 rnen
292 4267 319 4312 et
343 4272 406 4323 opas
431 4257 582 4307 Homericon
607 4257 689 4307 uertit
712 4256 738 4305 ia
753 4204 877 4306 daatinnm
899 4263 924 4306 et
937 4255 1035 4321 placuit
1052 4259 1201 4322 nonnanis

210 4329 373 4382 auditoribus
390 4341 464 4393 qnam
483 4326 633 4376 lectoribus.
659 4324 723 4376 liius
736 4340 827 4375 versus
838 4332 894 4375 est:
917 4323 1035 4375 Crudum
1053 4325 1202 4378 manduces

210 4401 350 4452 Priamum
364 4396 543 4461 Priamusque
556 4396 714 4461 pirineos.“
734 4393 774 4446 Ci.
786 4392 845 4445 isid.
856 4393 938 4458 origg.
949 4390 1004 4444 Xs.
1015 4409 1041 4443 v.
1057 4397 1093 4460 p·
1112 4397 1119 4410 '
1169 4452 1173 4459 Ι

962 4584 1146 4685 -d,
