2574 5054
465 724 829 793 ructuantium.
1106 757 1159 798 cix

130 897 211 964 baal
234 895 387 962 minino·
410 897 578 962 contulisse
600 897 764 964 verisimile
787 910 846 965 est.
878 896 997 982 Quodsi
1016 905 1157 968 confera-

130 1023 197 1066 ·ns
212 997 375 1065 Ciceronis
390 998 512 1064 eliatuoa
536 999 588 1084 (tle
604 1011 668 1085 opt.
685 1021 758 1086 geu.
776 1002 837 1066 dic.
852 1000 887 1082 2,
903 1003 959 1091 l)=
982 1003 1066 1071 Nara
1080 1026 1157 1092 pao·

131 1105 214 1166 mass
236 1102 414 1188 eloquentiis
426 1110 553 1166 constat
567 1121 610 1164 aa·
624 1101 726 1166 cericis
739 1113 773 1167 et
789 1106 970 1182 sententiis,
989 1106 1155 1192 perficien-

133 1206 203 1269 drnn
219 1214 287 1283 est,
309 1214 347 1268 ut
354 1225 438 1290 pure
453 1213 487 1268 et
500 1201 659 1268 ernnadate
672 1203 845 1291 loquentes,
869 1208 954 1295 qaod
966 1217 1016 1272 est
1027 1208 1154 1286 tanne,

132 1308 297 1372 cerionem
313 1316 486 1392 praeterea
505 1316 540 1370 et
553 1309 757 1393 propriorum
788 1318 821 1373 et
840 1310 1067 1376 translatorum
1093 1313 1156 1376 ele·

132 1412 274 1496 gentiana
293 1430 543 1496 persequantur,
573 1411 606 1473 in
624 1410 787 1495 proprias,
812 1420 849 1474 at
868 1413 1032 1497 aptissima
1055 1414 1155 1499 elign-

133 1535 217 1592 scas,
246 1514 281 1577 ιἰι
310 1511 494 1586 maculatis,
524 1520 562 1575 at
589 1510 823 1576 similitudinem
853 1515 956 1577 secuti
983 1515 1155 1579 verecunde

134 1625 258 1680 stamar
278 1615 411 1691 aienti,
434 1624 560 1700 apparet
582 1633 675 1695 sane,
699 1625 841 1700 quautam
863 1627 998 1681 remotus
1020 1618 1061 1681 sit
1077 1614 1154 1682 Per·

134 1719 193 1783 sius
214 1718 253 1783 ab
276 1719 335 1798 iis,
357 1736 435 1801 quae
457 1717 506 1782 bic
525 1716 762 1803 praecipiuntur.
795 1716 877 1782 Naro
899 1719 937 1782 ab
959 1719 1011 1783 illa
1034 1719 1154 1803 quidem

134 1821 314 1886 verecundia
335 1820 369 1884 in
395 1816 642 1884 translationibus
669 1820 872 1886 alienissimus
900 1832 966 1900 est,
1000 1841 1057 1886 aec
1085 1842 1155 1906 pro·

133 1925 262 2008 priorum
278 1921 441 1987 verborum
456 1940 493 1986 ea
507 1923 695 2008 potissimum
710 1922 862 2001 adhibuit,
886 1944 963 2008 quae
984 1922 1152 2008 aptissima,

134 2026 183 2091 sel
207 2045 286 2110 quae
310 2024 475 2090 fortissima
497 2024 692 2104 viderentur,
718 2027 900 2109 omninoque
921 2027 1009 2090 nimis
1031 2027 1153 2092 diversa

134 2129 265 2206 niseuit,
282 2126 399 2213 plebeia
414 2137 446 2192 et
460 2126 557 2202 elata,
578 2128 684 2211 gravia
700 2141 731 2195 et
745 2128 886 2209 sordida,
911 2149 996 2213 qnam
1011 2128 1062 2213 qui
1077 2149 1150 2214 pure

134 2243 160 2296 et
181 2231 344 2297 emendate
365 2229 525 2316 scripsisse
547 2230 606 2294 dici
628 2232 735 2315 possit.
782 2229 905 2296 Scilicet
924 2230 970 2311 is,
994 2231 1044 2315 qui
1067 2241 1151 2296 tanto

133 2335 226 2399 studio
248 2344 422 2418 corruptam
445 2331 598 2397 scabendi
620 2354 717 2418 genas
738 2332 942 2418 impugnavit,
973 2353 1036 2397 non
1053 2333 1153 2418 potnit

132 2438 184 2502 sibi
206 2455 340 2514 cavere,
363 2435 435 2519 quin
454 2434 485 2498 iu
509 2437 662 2501 contraria
686 2435 759 2500 vitia
779 2436 971 2515 incurreret,
996 2445 1028 2500 et
1046 2435 1150 2499 seculo

132 2562 182 2604 sun
203 2540 348 2603 tribuum
369 2538 516 2603 solveret.
552 2535 674 2625 Nempe
695 2539 728 2602 in
752 2538 826 2601 duas
856 2548 957 2623 partes
986 2538 1151 2623 scriptores

132 2644 191 2708 eius
207 2642 353 2727 temporis
367 2640 552 2726 vergebant,
572 2661 698 2724 qnorum
714 2639 766 2703 alii
781 2639 876 2718 luxu,
900 2640 951 2723 qui
967 2641 1066 2704 omnia
1082 2661 1150 2705 cor-

131 2756 268 2832 ruperat,
299 2742 570 2821 alccti,'mollitie
596 2753 627 2808 ct
654 2742 782 2807 lascivia
810 2742 987 2808 diffluebant
1008 2754 1040 2808 et
1067 2743 1151 2808 inani

132 2848 289 2912 verborum
305 2846 419 2930 gruum
442 2845 615 2910 sonantium
636 2845 723 2929 copia
746 2844 927 2929 turgebant,
952 2846 1030 2929 quod
1053 2866 1150 2930 genus

131 2952 267 3037 inprime
283 2950 377 3014 satira
392 2949 521 3035 castigat
533 2946 673 3025 Persius,
692 2946 743 3010 alii
760 2958 865 3012 contra
881 2948 972 3033 rigidi
988 2959 1019 3013 et
1033 2949 1148 3025 severi,

130 3052 308 3119 brevitatem
329 3061 360 3115 ct
381 3050 616 3130 obscuritatem,
641 3049 855 3115 sublimitatem
879 3060 968 3135 atque
991 3049 1150 3117 audaciam

132 3157 244 3235 secati,
270 3176 330 3221 nec
351 3152 408 3238 ipsi
430 3152 505 3218 vitio
526 3153 681 3218 carebant.
719 3150 823 3218 Docet
841 3152 899 3218 boc
923 3155 1066 3239 egregie,
1091 3175 1149 3237 quo

131 3279 214 3324 nemo
235 3255 347 3322 melius
369 3255 503 3322 seculum
526 3277 613 3320 soum
635 3254 739 3332 novit,
765 3252 885 3321 Seneca
908 3263 989 3342 (epp.
1014 3251 1148 3340 cxlv).

134 3361 234 3443 Quare
255 3358 440 3448 quibusdam
465 3357 670 3444 temporebus,
693 3358 735 3421 ita
756 3358 860 3422 scribit
879 3356 1019 3438 Lucilio,
1037 3381 1150 3445 prooe-

131 3466 210 3528 aerit
238 3464 386 3548 correpti
407 3465 539 3548 generas
567 3461 669 3524 aratro
699 3461 844 3545 qnaeris,
876 3470 908 3525 et
934 3461 1087 3548 quomodo
1117 3466 1149 3526 in

132 3565 279 3652 paaedaaa
307 3566 385 3629 citio
414 3565 576 3629 incbnatio
602 3564 800 3648 engeniomcm
818 3563 913 3649 facta
934 3566 996 3643 sit,
1026 3573 1062 3628 nt
1090 3565 1149 3628 cli-

132 3667 250 3753 pamnlo
273 3667 388 3753 inflata
408 3667 578 3755 explicatio
599 3667 741 3751 urgeret,
765 3664 933 3752 aliquando
956 3665 1100 3750 infracta
1118 3676 1149 3729 et

133 3769 302 3835 mnodum
324 3771 446 3834 ananei
463 3768 582 3834 ducta?
608 3789 706 3855 qnare
727 3770 810 3832 alias
831 3789 940 3832 sencias
961 3769 1096 3833 andacer
1118 3777 1150 3832 ct

132 3873 217 3954 fidens
245 3873 374 3959 egressi
392 3873 597 3959 placuerint,
626 3873 708 3936 alim
737 3870 891 3955 abruptae
918 3872 1091 3933 sententiae
1119 3880 1150 3935 et

133 3979 338 4063 ιιιφιᾈοιαο,
368 3976 401 4038 in
423 3974 537 4060 pacibus
561 3975 638 4061 plns
658 3972 903 4060 intellegendum
926 3980 1026 4047 esset,
1057 3992 1148 4057 quarn

135 4080 338 4143 audiendam?
358 4097 457 4164 qaare
471 4079 580 4164 ulipaa
593 4074 815 4160 netasfacrit,
832 4095 913 4160 qaae
929 4074 1149 4138 translationis

135 4183 197 4246 irre
216 4191 362 4246 meretur
383 4179 610 4245 marcuardo?
630 4179 719 4255 Hoc,
743 4177 829 4265 qaod
847 4176 960 4242 undae
980 4176 1077 4260 vulgo
1097 4195 1148 4237 so·

135 4283 191 4359 les,
221 4282 307 4370 paoni
332 4280 420 4369 upatl
449 4281 588 4349 &cecos
616 4284 650 4346 in
674 4280 874 4368 proverbium
908 4279 1020 4342 cessit:
1064 4276 1149 4341 Talis

134 4383 298 4452 bominibus
309 4383 386 4472 ficit
405 4387 528 4464 oratio,
550 4385 746 4472 paulisoita.
773 4379 1032 4466 Qucneadancdnra
1047 4388 1150 4442 actem
1206 4415 1213 4428 ·
