2574 5054
480 754 563 817 SAT.
584 755 783 828 {tiss-67.
1079 751 1141 818 157

121 927 171 986 rit.
186 928 231 998 8),
246 944 340 1004 genua
355 927 453 985 mortis
468 926 595 1006 periculo
617 928 733 1005 propius
749 925 860 986 admoto
885 937 1013 1004 tangere.
1064 929 1139 987 Cre·

124 1022 206 1071 teres
221 1010 345 1071 medicus
359 1013 499 1074 maximae
514 1014 691 1072 auctoritatis
706 1013 863 1071 nominatur
883 1011 956 1090 apud
972 1012 1138 1072 Ciceronem

121 1105 199 1175 (epp.
216 1094 251 1155 ad
266 1095 326 1157 Att.
341 1096 405 1169 ΧΠ,
429 1101 477 1169 13,
495 1103 530 1171 1,
555 1103 605 1168 ld,
620 1103 652 1169 d)
674 1109 704 1158 et
726 1095 960 1177 Horatium-(Sat.
977 1096 1013 1167 ll,
1029 1100 1059 1170 3,
1075 1101 1140 1172 61),

120 1179 300 1261 eundemque
315 1202 332 1242 a
348 1181 507 1262 Porphyrio
524 1181 571 1257 (de
586 1183 690 1243 ahstiu.
708 1183 729 1253 l,
749 1188 788 1245 17
802 1202 830 1260 p.
846 1186 887 1244 29
903 1180 949 1253 G.)
972 1201 1139 1242 commemo·

120 1268 179 1327 rari
194 1269 355 1347 suspicatur
375 1268 520 1327 Victorius
543 1267 618 1342 (VV.
634 1267 694 1328 LL.
710 1268 769 1339 lX,
793 1271 864 1339 12t3
889 1266 1005 1326 Persius
1020 1267 1074 1326 hoc
1088 1288 1139 1327 no·

120 1371 185 1411 meu
201 1363 231 1411 ut
245 1348 369 1414 θενικόν
383 1355 528 1432 usurpavit
544 1353 716 1429 (Weichert.
733 1363 820 1432 poett.
838 1351 912 1410 Latt.
928 1353 992 1412 rell.
1009 1373 1037 1431 p.
1054 1357 1138 1426 120).

120 1439 250 1515 Magnos
260 1441 435 1515 promittere
450 1448 559 1498 montes
575 1459 612 1498 ex
628 1438 796 1517 proverbiali
812 1438 970 1510 locutione,
985 1459 1012 1496 v.
1021 1438 1138 1498 Terent.

120 1520 234 1582 Phorm.
251 1523 319 1593 1,2,
339 1527 395 1586 18:
421 1523 503 1582 modo
528 1544 582 1582 uon
605 1535 715 1582 montes
738 1521 798 1583 auri
819 1522 957 1602 pollicens
980 1523 1030 1593 (ci.
1047 1520 1138 1582 Plaut.

120 1606 180 1667 hlil.
195 1607 245 1680 IV,
261 1611 291 1681 2,
307 1613 365 1671 73=
386 1610 499 1687 argenti
514 1619 623 1668 montes
644 1629 698 1667 nou
713 1628 821 1667 massas
836 1607 933 1667 hahet.
963 1608 1058 1668 loven.
1074 1607 1139 1679 XII,

124 1696 203 1755 tte:
234 1693 373 1752 montibus
397 1713 493 1754 aurum
516 1698 688 1774 exaequet);
713 1693 782 1753 Sall.
807 1693 870 1753 Cat.
902 1697 954 1765 23,
980 1697 1020 1755 3:
1051 1695 1140 1754 marm

121 1787 289 1858 montesque
314 1779 442 1858 polliceri
459 1781 563 1857 coepit.
598 1778 705 1839 Eadem
722 1781 830 1838 ratione
852 1779 927 1837 vitiis
944 1777 1053 1838 obviam
1070 1798 1140 1838 eun-

120 1861 185 1922 dum
201 1874 247 1923 est
267 1862 366 1922 studiis
388 1864 606 1944 philosophicis,
630 1884 701 1944 quae
725 1866 856 1922 virtutem
879 1861 982 1922 docent
1004 1875 1034 1924 et
1048 1864 1137 1923 alunt.

120 1950 234 2008 Discite
249 1950 288 2029 ci.
304 1968 332 2008 v.
348 1954 401 2012 73.
418 1950 454 2021 V,
470 1955 521 2013 91.
543 1951 654 2009 disseri
661 1970 688 2008 v.
706 1955 755 2012 15.
783 1951 896 2008 Causas
912 1952 1077 2025 cognoscite
1091 1968 1139 2009 re·
1239 1982 1243 1991 ·

121 2053 199 2105 rum,
216 2035 280 2113 quia
295 2035 473 2113 philosophia
488 2033 607 2094 studium
623 2036 779 2115 sapientiae
795 2044 856 2106 est,
871 2044 901 2093 ut
916 2035 956 2093 eit
971 2034 1074 2094 Cicero
1091 2033 1139 2108 (de

122 2118 169 2178 ott.
184 2117 219 2190 ll,
234 2123 265 2191 2,
282 2125 324 2192 5),
340 2122 479 2199 sapientia
501 2131 594 2179 auteur
615 2140 708 2179 rerum
733 2118 887 2178 divinarum
909 2130 939 2179 et
958 2119 1139 2180 humanarum

121 2223 344 2284 causarumque,
374 2205 472 2285 quibus
494 2206 549 2267 hae
577 2224 625 2265 res
648 2207 842 2276 continentur,
871 2203 1003 2266 scientia.
1050 2205 1140 2265 Stoici

121 2290 195 2349 enim
211 2288 265 2348 duo
281 2309 347 2350 esse
364 2293 391 2348 iu
408 2310 502 2350 rerum
517 2303 617 2350 natura
641 2289 775 2362 dicebat,
798 2309 835 2349 ex
850 2310 905 2368 quo
921 2292 1013 2350 omnia
1028 2291 1140 2362 lierent,

121 2394 235 2434 causam
251 2387 280 2434 et
295 2377 440 2436 materiam
457 2376 539 2450 (Seu.
554 2396 618 2455 epp.
635 2376 725 2448 LXV,
741 2381 783 2448 2).
800 2374 842 2434 lta
857 2375 993 2452 Virgilius
1019 2375 1138 2455 (Georg.

120 2460 156 2531 ll,
171 2464 245 2533 190)
262 2461 373 2521 felicem
389 2459 545 2541 praedicat,
561 2465 606 2541 qui
621 2463 710 2540 potuit
725 2481 817 2521 rerum
834 2479 1011 2538 cognoscere
1027 2480 1138 2520 causas.

121 2542 307 2624 Sequentibus
327 2566 386 2604 vss.
403 2548 534 2626 primaria
555 2547 748 2627 philosophiae
764 2557 919 2624 praecepta
935 2548 1140 2625 complectitur,

121 2630 249 2689 similiter
263 2651 297 2690 ac
312 2631 438 2691 Lucilius
459 2652 519 2692 vss.
546 2630 619 2711 apud
634 2631 811 2692 Lactantiuru
837 2631 872 2703 (Ι.
891 2629 925 2689 Ι).
941 2632 991 2703 Vl,
1008 2638 1036 2703 5,
1052 2637 1084 2693 2.
1103 2632 1138 2690 ir.

121 2717 176 2775 inc.
195 2721 209 2778 1
221 2715 332 2789 Dona),
348 2719 394 2797 qui
404 2736 454 2776 eos
464 2717 598 2796 explicat,
607 2720 729 2776 servatis
739 2741 746 2791 ;
756 2719 794 2777 cl.
805 2716 914 2776 Seneca
924 2716 1140 2796 epptxxxtt

123 2807 160 2863 5:
183 2800 294 2874 „Sciat,
310 2822 364 2881 quo
387 2804 476 2861 iturus
493 2805 545 2874 sit,
575 2801 758 2874 audeonus,
782 2800 855 2881 quod
877 2803 917 2860 illi
932 2802 1049 2873 bouum,
1066 2801 1139 2881 quod

121 2885 222 2945 malum
238 2888 285 2958 sit,
301 2886 365 2966 quid
380 2899 474 2966 petat,
499 2885 563 2967 quid
580 2890 684 2958 evitet,
700 2906 771 2967 quae
787 2889 825 2944 sit
839 2887 887 2944 illa
902 2888 986 2958 ratio,
1002 2907 1073 2966 quac
1089 2906 1139 2965 ap·

119 2969 241 3051 peteuda
258 2992 292 3032 ac
317 2971 450 3050 fugienda
474 2971 633 3044 discernat,
650 2993 702 3052 qua
718 2970 896 3050 cupiditatum
912 2975 1084 3031 mansuescit
1098 2973 1140 3030 in·

119 3058 209 3127 sauia,
226 3058 353 3116 timorum
369 3059 487 3117 saevitia
503 3059 724 3132 compescitur.“
745 3058 859 3115 Arrian.
877 3054 989 3116 dissert.
1005 3058 1026 3127 l,
1036 3061 1065 3127 6,
1080 3061 1140 3120 252

124 3136 192 3200 Οὐκ
208 3138 398 3215 αἰσθήσεσθε
412 3141 523 3213 τοίνυν,
539 3138 606 3202 οὔτε
620 3140 696 3211 τίνες
711 3139 793 3213 ἐστέ,
804 3136 867 3200 οὔτ’
886 3138 934 3199 ἐπὶ
947 3140 977 3200 ri
989 3137 1139 3220 γεγόνατε,

120 3222 232 3286 odessi
250 3222 333 3286 τοῦτ’
355 3222 454 3299 ἔστιν,
485 3222 537 3303 ἐφ’
559 3224 576 3288 ὃ
595 3222 649 3300 τὴν
670 3224 749 3284 θέαν
770 3226 945 3301 (facultatem
967 3225 1059 3285 divine
1075 3245 1141 3305 spe·

121 3310 229 3384 standi)
244 3308 448 3392 παρειλήφατε
456 3335 468 3384 ,·
495 3313 574 3388 Quid
592 3331 691 3370 sumes
714 3322 745 3371 et
765 3313 902 3390 quidnam
917 3313 1035 3383 victuri,
1059 3331 1140 3392 quem

120 3397 148 3455 iu
163 3396 246 3455 linem
261 3398 372 3468 victuri,
385 3399 539 3475 gignimur
553 3398 591 3458 ei.
608 3397 670 3457 Ciu.
687 3396 721 3457 do
738 3398 803 3455 hun.
813 3396 862 3468 lV,
874 3400 993 3468 1⁰,252
1018 3396 1141 3477 „Sequi-

120 3492 167 3540 tur
181 3480 257 3553 illud,
279 3493 310 3540 ut
331 3482 600 3553 animadvertamus,
624 3484 670 3561 qui
692 3484 777 3540 simus
799 3484 873 3560 ipsi,
902 3492 933 3541 ut
961 3502 1013 3541 nos
1043 3483 1141 3562 quales

121 3578 234 3643 oportet
250 3586 316 3626 esse
333 3575 511 3626 servemus.“
531 3567 645 3627 Arriau.
663 3567 733 3627 diss.
751 3567 785 3639 ll,
809 3572 864 3629 10:
893 3564 1021 3645 Σκέψαι
1039 3566 1084 3637 τίς
1103 3561 1139 3626 εἶ.

120 3652 159 3710 Μ.
174 3651 310 3711 Antonin.
321 3653 395 3723 Vlll,
413 3657 469 3714 52:
489 3649 525 3711 Ὁ
539 3651 571 3710 δὲ
586 3648 627 3729 μὴ
644 3649 741 3723 εἰδώς,
755 3648 833 3730 πρὸς
848 3647 864 3712 ’ό
878 3673 908 3710 τι
920 3650 1067 3730 πέφυκεν,
1085 3647 1140 3712 οὐκ

122 3731 214 3809 oidsv,
232 3732 313 3806 ὅστις
325 3734 404 3794 ἐστὶν
417 3733 488 3795 ouidi
503 3735 534 3794 ri
547 3735 610 3795 ἐστι
623 3733 745 3815 κόσμος.
779 3738 808 3796 lu
824 3739 869 3808 iis,
890 3756 962 3815 quae
978 3748 1142 3817 sequautur,

121 3824 358 3899 comparationem
375 3819 453 3880 duxit
473 3843 490 3881 a
512 3819 583 3880 ludis
599 3822 773 3881 circensibus
797 3833 827 3882 et
849 3821 995 3899 aurigandi
1018 3833 1090 3892 arte,
1106 3820 1142 3881 de

121 3907 221 3985 quihus
249 3908 278 3965 iu
300 3909 460 3967 uuiversum
482 3907 520 3966 ci.
545 3905 658 3967 Krause
681 3907 782 3986 Gymu.
812 3928 839 3965 u.
861 3907 957 3984 Agon.
982 3905 1010 3965 d.
1034 3907 1106 3966 llell.
1130 3906 1142 3965 l

120 4011 149 4070 p.
167 3997 227 4054 147
244 4011 305 4071 sqq.
323 3997 385 4054 557
405 4011 468 4071 sqq.
491 3992 521 4051 ln
545 3993 598 4050 hac
620 4002 762 4051 renotem
783 3990 837 4051 duo
853 4002 935 4051 eraut
950 3993 1076 4070 inprimis
1092 3992 1142 4051 oh·

121 4075 280 4148 servanda,
303 4079 375 4135 ordo
398 4078 512 4150 (liminis
535 4076 605 4135 ordo
627 4074 700 4156 apud
729 4076 846 4136 Statium
869 4077 960 4136 Theb.
982 4077 1032 4149 Vl,
1056 4082 1143 4151 390),

122 4181 186 4219 nam
209 4163 307 4232 locus,
334 4180 416 4242 quern
439 4171 517 4223 sorte
540 4160 624 4220 ducta
647 4161 811 4222 obtinebant
840 4163 975 4240 aurigae,
1002 4161 1142 4223 diversam

122 4247 262 4323 praebere
286 4249 377 4324 potuit
400 4249 636 4326 opportunitatem
667 4246 740 4306 haud
773 4247 983 4326 negligendam.
1030 4246 1143 4308 Summa

121 4342 215 4391 autern
232 4334 348 4409 aurigae
364 4351 412 4391 urs
435 4343 464 4391 et
486 4334 604 4392 attentio
620 4331 853 4404 desiderabatur,
869 4333 916 4393 ubi
936 4353 1018 4414 quam
1033 4334 1143 4394 brevis·

122 4418 193 4476 simo
216 4436 288 4497 gyro
310 4419 387 4478 circa
409 4429 511 4479 metam
540 4418 674 4479 flectebat
704 4439 813 4498 equos,
842 4416 915 4498 quod
945 4439 1006 4479 cum
1037 4439 1143 4479 summo
