2574 5054
449 820 811 885 naotuuottnlta.
1034 849 1137 892 xxxrx

151 994 202 1073 cp).
233 988 335 1075 ltaque
351 990 399 1058 hic
414 1013 533 1078 quoqne
549 993 676 1078 rigidum
691 1004 724 1059 et
742 995 860 1059 tristem
876 994 1038 1060 stoicorum
1055 997 1139 1061 halti-

148 1102 190 1155 ιιι
207 1115 274 1179 prae
297 1116 331 1159 se
354 1094 437 1160 ferre
464 1105 626 1159 aecusatus
655 1106 703 1160 est
731 1096 826 1176 (Teo.
849 1097 935 1160 Ann.
958 1093 1049 1177 XVl‚
1070 1097 1137 1182 22).

143 1190 204 1260 Prae
223 1198 333 1262 cetera
354 1218 431 1262 vero
455 1194 583 1261 Catonis
605 1193 760 1262 Uticensis
783 1200 951 1282 exemplum
971 1201 1138 1266 aemulatus

141 1308 173 1361 est
184 1297 273 1380 (l'ae.
290 1300 376 1363 nnn.
394 1299 416 1363 l.
433 1300 493 1381 1.),
511 1298 548 1362 tle
563 1319 622 1381 uuo
637 1300 729 1364 etiam
744 1301 888 1387 scriptum
903 1302 1024 1385 reliquit
1038 1300 1137 1382 (Plut.

140 1395 191 1463 lat.
211 1401 284 1464 niu.
309 1401 384 1480 37),
415 1401 540 1483 eiusque
561 1418 696 1467 atrocem
717 1391 848 1466 animum
873 1415 904 1467 et
927 1405 1027 1467 nobile
1048 1405 1138 1468 letum

137 1515 274 1569 uacuam
289 1514 351 1568 est.
376 1500 451 1569 Fuit
465 1503 514 1567 vir
527 1502 627 1566 animo
644 1504 818 1568 mitissimus
834 1516 924 1588 atque
938 1506 1008 1569 inde
1024 1526 1140 1590 quoque

135 1606 332 1682 tlninnlus,
355 1605 405 1688 qui
421 1602 528 1668 erebro
545 1604 680 1685 dicebat,
703 1605 841 1671 homines
857 1608 976 1683 odisse,
1001 1609 1051 1690 qui
1066 1608 1141 1672 vitia

86 1764 88 1796 :
135 1709 216 1773 olerit
229 1705 327 1787 (Plio.
343 1727 411 1792 epp.
428 1703 516 1785 vm,
532 1704 609 1786 22),
633 1727 746 1791 easque
768 1707 932 1773 affirmabat
947 1729 1056 1773 causas
1071 1729 1141 1773 esse

86 1830 88 1844 ¹
133 1810 349 1897 accipiendas,
371 1829 449 1892 quae
471 1819 525 1872 not
543 1807 727 1888 amicorum,
759 1820 811 1875 aut
832 1811 994 1874 destitutae
1023 1821 1139 1887 essent,

131 1924 169 1976 ιιι
181 1915 219 1977 al
235 1912 411 1996 exemplum
426 1911 614 1995 pertinerent
627 1907 724 1994 (Plin.
742 1932 810 1996 epp.
828 1909 886 1988 Vl,
903 1910 979 1997 29),
998 1924 1030 1978 et
1045 1915 1141 1976 omni·

132 2036 158 2077 ιο
170 2015 306 2079 moritus
322 2012 444 2096 vitaque
460 2012 692 2096 integerrimus,
708 2013 830 2077 virtutis
846 2012 1004 2079 lloruanae
1019 2015 1141 2080 saeculo

131 2127 259 2202 orrupto
284 2115 476 2198 exemplum,
500 2125 534 2177 ut
554 2115 620 2178 iure
643 2115 799 2179 Arulenus
822 2114 967 2181 Rusticus
990 2138 1056 2181 eum
1072 2138 1142 2182 san-

130 2221 284 2283 ctissimum
301 2219 399 2281 virum
415 2211 699 2299 nominaret(Suet.
711 2213 803 2279 Dour.
816 2215 866 2280 10.
884 2214 991 2282 IlioC.
1004 2215 1140 2294 txvtt,

130 2322 169 2386 ll.
186 2324 227 2387 el.
246 2320 329 2384 Tac.
346 2316 510 2401 Agrio.2).
536 2316 577 2380 Et
591 2317 799 2402 comprobavit
815 2317 871 2382 ltoc
886 2318 1028 2384 inliciunt
1044 2319 1143 2383 inimi·

130 2425 257 2490 accimus
273 2421 333 2506 ipsi
349 2418 455 2496 Nero,
478 2420 528 2501 qui
543 2440 609 2482 cum
624 2419 783 2484 detulisset
797 2420 825 2484 ei
841 2420 958 2502 qnidam
974 2420 1144 2484 Thraseam

131 2527 203 2608 qnasi
227 2533 406 2607 corruptum
429 2521 574 2597 iudicem,
605 2522 806 2586 exclamavit:
844 2521 966 2586 Utinam
990 2534 1050 2587 tam
1073 2523 1144 2585 milri

131 2629 235 2692 amicus
250 2635 337 2689 esset
352 2622 512 2701 Thrasea,
537 2643 623 2705 quam
638 2622 736 2687 bonus
751 2625 844 2688 iudex
862 2635 909 2688 est
924 2622 1021 2709 (Plut.
1039 2644 1142 2709 praec.

133 2731 205 2812 polit.
223 2726 301 2808 33),
326 2725 491 2808 cutemque
513 2723 726 2802 referendum,
752 2726 831 2809 quod
854 2746 871 2789 a
894 2726 1067 2808 quibusdam
1083 2738 1145 2791 tra·

134 2832 213 2894 litun
237 2838 347 2894 narrat
369 2826 497 2892 Tacitus
519 2826 615 2911 (Anu.
637 2823 713 2904 XV,
737 2827 815 2909 23),
839 2828 916 2892 haud
941 2829 983 2892 ita
1005 2828 1054 2892 (liu
1074 2840 1145 2891 anta

135 2931 284 2998 Thraseae
302 2940 428 2995 mortem
440 2929 666 2994 reconciliatum
675 2949 709 2994 se
726 2929 885 2994 Thraseae
900 2930 1029 2995 iactasse
1043 2929 1147 2996 Nero-

136 3057 192 3100 uem
207 3034 288 3119 apud
304 3031 471 3110 Senecam,
488 3053 523 3095 ac
532 3029 683 3096 Senecam
692 3033 721 3095 id
729 3030 851 3097 Neroni
867 3034 1049 3114 gratulatum
1064 3053 1143 3097 esse.

137 3136 312 3220 Quamquam
328 3146 427 3199 autem
443 3155 556 3199 summa
572 3134 636 3198 eius
652 3145 719 3199 erat
734 3135 825 3198 animi
840 3146 930 3217 atque
947 3135 1096 3199 sermonis
1113 3134 1147 3197 li-

137 3240 291 3317 tetemet.
303 3237 382 3302 Tac.
391 3235 472 3301 llist.
482 3233 541 3313 lv,
551 3235 583 3299 5.
598 3233 658 3299 Ilio
669 3233 707 3300 C.
717 3232 837 3312 LXVI,
852 3233 1146 3316 12.c1.1uv.v,38)

139 3343 265 3406 alumni
287 3351 389 3405 mmen
411 3339 575 3422 petulantia
598 3349 686 3422 atque
717 3337 950 3422 intemperantia
978 3338 1147 3415 abhorruit,

140 3456 163 3506 et
182 3463 342 3527 numquam
363 3440 453 3506 etiam
475 3441 507 3504 in
532 3440 732 3524 vituperando
754 3441 960 3505 reverentiam
982 3441 1149 3505 observare

141 3548 247 3621 omisit,
274 3564 361 3628 quam
377 3545 427 3607 vel
441 3545 520 3608 malo
535 3542 662 3628 principi
677 3542 784 3607 deberi
798 3542 960 3618 iudicavit,
979 3545 1020 3608 el.
1037 3539 1096 3604 Dio
1110 3538 1147 3604 C.
1171 3583 1173 3586 ⁴

141 3644 248 3727 lxt't,
278 3646 338 3711 122
370 3645 524 3732 Θρασέας
545 3648 614 3731 μιν
640 3641 703 3729 γαρ
736 3643 793 3711 tot
821 3643 987 3726 Νέρωνος
1012 3640 1061 3710 civ
1092 3635 1152 3708 caia

140 3746 286 3834 ἠρέσκετο
309 3741 419 3834 αὐτῷ,
441 3748 498 3816 aul
522 3742 622 3815 οὐδὲν
643 3747 765 3832 μέντοι
791 3743 867 3814 οὐδ’
882 3747 926 3821 cic
953 3740 1151 3833 ὑβριστικὸν

140 3854 244 3939 ἔλεγεν
265 3854 314 3924 εἷς
336 3844 442 3917 αὐτόν
464 3842 540 3917 οὐδ’
555 3854 737 3935 ἔπραττεν,
764 3845 855 3935 πλήν
878 3843 1033 3917 καθόσον
1048 3869 1153 3930 προι-

140 3966 308 4023 ιοινωνεῑν
331 3956 363 4020 ol
385 3953 452 4021 τοῖν
467 3950 656 4042 δρωμένων
678 3947 740 4019 οὐκ
762 3945 856 4038 ἠξίου
864 4002 876 4031 ‚
899 3953 937 4016 cl.
962 3950 1040 4014 Tac.
1065 3950 1149 4011 Anu.

140 4053 220 4133 llll,
238 4054 293 4121 lt.
310 4050 404 4132 xlv,
421 4054 474 4120 48.
507 4053 652 4120 Ceterum
676 4055 786 4119 nullam
802 4052 1004 4138 praetermisit
1018 4051 1155 4115 occasio-

139 4179 217 4241 nem,
240 4171 275 4224 ut
297 4159 330 4223 in
353 4169 482 4238 senatu,
505 4159 619 4224 silleri
644 4169 767 4243 posset,
791 4157 941 4240 ignavium
962 4153 1153 4238 castigando,

139 4264 181 4326 rel
194 4263 317 4327 nimiam
331 4282 406 4346 prae
422 4262 596 4326 adulatione
612 4261 805 4324 severitatem
828 4259 1018 4332 coercendo,
1043 4254 1156 4319 saeculi

141 4365 382 4448 depravationem
398 4364 429 4427 in
446 4365 552 4428 melius
568 4373 722 4439 verteret,
740 4364 779 4424 cl.
798 4359 875 4424 Tac.
894 4357 978 4422 Αιιο.
996 4354 1088 4433 Xlll‚
1102 4353 1155 4417 lt.

143 4465 222 4546 xlv,
240 4467 282 4533 tt
296 4488 344 4552 sq.
361 4462 440 4543 XV,
456 4462 500 4530 2⁰
514 4488 559 4551 sq.
585 4463 732 4551 Quamvis
748 4475 846 4527 autem
861 4471 1043 4546 temperatus
1060 4469 1091 4522 et
1106 4455 1160 4518 ob-
