2574 5054
397 719 763 785 PROLBGOHENA.
1029 750 1091 794 m

61 893 142 962 τὸν
168 889 285 962 θεὸν
303 912 360 979 φο
370 890 440 961 nl
465 890 609 969 testes
628 890 745 979 (Apoll.
770 892 809 958 dc
828 893 903 960 adr.
917 913 950 980 p.
966 891 1044 980 592)
1063 907 1086 962 ¹.

62 993 233 1061 Praetereo
254 1016 334 1060 nnus
356 1007 611 1061 conmemorant
624 995 729 1062 titulus
742 1017 762 1060 ι
777 996 961 1083 mythologie
976 1002 1088 1085 petitus
1196 1069 1203 1077 ,

64 1095 326 1164 Prometheus
347 1095 465 1185 (teu.
487 1098 630 1165 Auectrl.
653 1120 683 1183 p.
705 1095 759 1177 85,
781 1098 825 1164 24
843 1092 998 1168 Βλοκόο·
1027 1101 1088 1171 τοι

64 1201 161 1286 νωθῆ
183 1199 243 1266 eol
263 1193 396 1287 μωρόν.
418 1194 569 1288 Σόφροκ
590 1200 798 1287 Προμηθεῖ,
822 1221 898 1285 qnue
913 1203 974 1267 iarn
987 1206 1089 1272 attulit

65 1324 104 1367 ex
116 1301 224 1389 Etpm.
241 1300 306 1368 Me.
322 1301 450 1368 Fiorillo
465 1304 548 1370 obss.
567 1305 650 1370 critt.
667 1304 700 1367 iu
715 1303 830 1368 Athen.
847 1327 876 1390 p.
892 1301 961 1390 54).
993 1304 1087 1374 Cuius

66 1406 187 1489 pencris
202 1406 255 1471 ille
270 1405 376 1471 οιίιιιιιι
392 1406 504 1486 luerit,
520 1427 561 1472 au
576 1405 613 1472 arl
628 1406 797 1472 fabularum
811 1404 1086 1473 Rhintlrouicarum

66 1506 286 1572 similitudinem
293 1509 479 1594 compositus
493 1510 597 1599 luerit,
608 1530 669 1572 non
685 1508 758 1574 licet
772 1508 949 1574 diiudicare.
968 1507 1086 1592 Quodsi

68 1607 211 1674 llillerus
228 1609 397 1684 (ιιοΙιοοοΙ.
413 1611 431 1694 S
446 1609 521 1689 411,
537 1610 560 1675 4
574 1612 614 1676 cl.
632 1608 710 1674 lior.
727 1607 759 1674 11
773 1632 801 1695 p.
815 1607 891 1696 356)
908 1622 940 1676 et
955 1607 1086 1677 Schnei-

67 1713 200 1777 lcvinus
222 1716 362 1796 (exerce
383 1715 465 1778 oritt.
483 1737 513 1778 c.
529 1712 551 1779 8
565 1734 596 1798 p.
613 1710 652 1776 51
669 1714 737 1797 sq.)
759 1733 776 1777 e
797 1712 901 1779 verbis
916 1712 1082 1802 Hesycliic

66 1810 255 1902 Ἠρύκολοκ
268 1813 330 1883 οὐκ
343 1812 513 1902 Ἠρακλέα
528 1811 686 1902 Σώφρων
697 1811 977 1901 ὑποκοριστικῶς,
995 1838 1084 1902 prae·

66 1928 194 2002 torquem
216 1919 297 2002 quorl
319 1940 387 1983 cum
409 1917 565 1999 Talmasio
588 1915 761 2005 Ήρυλλοκ
780 1918 904 2002 legunt,
926 1921 1082 2004 utstatim

64 2021 197 2104 nmmum
211 2020 290 2104 apud
307 2018 442 2107 Hesych.
459 2018 584 2102 (Valck-
600 2022 639 2086 ad
652 2019 789 2086 Theoor.
806 2021 911 2084 Adon.
929 2041 958 2104 p.
971 2019 1033 2086 201
1041 2019 1080 2088 B.

65 2119 98 2186 C.
115 2123 212 2189 voluit
222 2119 428 2208 Ἧροκλοκ),
452 2123 572 2188 efficere
586 2123 747 2203 videntur,
771 2123 930 2209 scripsisse
948 2119 1082 2208 Sophro-

65 2246 128 2290 uem
157 2225 300 2301 mimum,
332 2224 450 2307 inquo
480 2222 641 2291 Herculem
668 2226 876 2291 introduxerit
904 2246 1082 2312 pygmaeum

64 2349 123 2390 com
144 2326 272 2412 gruibus
294 2336 495 2411 pugnantem,
519 2329 639 2412 qualem
659 2328 795 2414 picturae
818 2329 1010 2393 vascolariae
1033 2348 1082 2392 re·

63 2440 274 2513 praesentant,
306 2428 475 2493 cavendum
496 2429 570 2493 mihi
598 2430 739 2507 videtur,
772 2452 811 2495 ue
841 2429 930 2496 huius
958 2431 1081 2515 generis

62 2533 163 2596 minos
177 2542 303 2618 praeter
317 2531 531 2596 necessitatem
547 2534 705 2618 fingamus.
738 2531 820 2598 Num
842 2527 908 2597 eum
924 2533 980 2613 iis,
1004 2554 1081 2617 quoe

61 2633 95 2697 le
115 2634 215 2698 mimis
238 2635 350 2697 traditu
372 2644 475 2711 suut,⁸
492 2634 571 2699 houd
599 2637 710 2720 optime
736 2636 934 2701 conveniunt.
973 2633 1079 2720 ltaque

61 2736 126 2801 niti
146 2733 200 2801 vel
220 2733 423 2800 Prometheus
445 2734 497 2801 ille
521 2749 679 2820 suspectus
701 2740 802 2816 foret,
826 2738 885 2802 nisi
899 2738 932 2801 in
947 2750 1079 2804 mentem

61 2858 255 2916 revocarem,
279 2839 349 2922 quil
368 2837 401 2901 iu
422 2838 474 2903 illa
493 2839 626 2923 tingendi
640 2839 781 2905 libertate
796 2841 1006 2925 procreaverit
1019 2838 1075 2905 So-

61 2942 172 3025 phron,
196 2939 278 3005 nullo
294 2941 383 3004 moto
400 2959 490 3027 posse
505 2943 658 3027 exputsri.
690 2941 806 3007 Verum
821 2943 992 3026 intelligere
1007 2942 1078 3006 niti

58 3044 182 3121 videor,
206 3065 263 3108 cur
283 3044 315 3107 iu
338 3043 390 3107 illa
411 3042 556 3130 Hesychii
576 3045 681 3131 glossa
704 3045 741 3108 de
764 3037 850 3109 titulo
866 3043 948 3108 mimi
964 3045 1079 3128 cogite·

60 3168 139 3224 uus,
164 3147 277 3212 nullam
296 3167 364 3212 esse
384 3166 517 3210 causam.
548 3142 662 3229 Quidni
687 3147 767 3212 cuim
788 3146 965 3211 muliercula
986 3167 1078 3229 quae·

59 3247 121 3313 lam
136 3248 303 3315 Herculem
317 3245 579 3335 ὑποκοριστικῶς
594 3239 823 3314 antestaretur?
845 3246 922 3332 Quis
941 3261 1077 3315 nostrum

58 3372 116 3415 nou
130 3353 269 3417 audiuit:
286 3350 360 3416 Aet
374 3351 417 3414 der
431 3353 510 3414 ιιιιίιι
529 3348 728 3416 Gottolteul?
743 3364 777 3416 ut
791 3352 828 3416 de
843 3349 930 3416 Italis
945 3363 1075 3433 luceam,

57 3454 298 3519 diminutivorum
319 3454 546 3519 amantissimis.
579 3441 668 3537 Quod
690 3454 716 3518 si
740 3454 805 3538 quis
825 3455 958 3537 reliquos
975 3456 1077 3519 titulos

57 3556 281 3634 comitentur,
305 3556 463 3641 apparebit
485 3553 677 3640 Sophrouem
698 3567 948 3640 repraesentasse
970 3556 1002 3619 in
1030 3556 1076 3620 his

55 3655 192 3724 homiues
214 3678 233 3722 c
253 3658 341 3744 plebe
361 3658 494 3724 maxime
516 3658 646 3744 petitos,
675 3660 828 3742 vitamque
856 3659 1074 3743 quotidianam.

55 3758 121 3825 lieo
134 3760 302 3826 relemudu
316 3759 460 3827 videntur
482 3761 572 3826 eliam
593 3761 713 3825 nomine
735 3758 866 3838 Siculis,
888 3771 923 3824 ut
942 3760 1074 3837 videtur,

53 3864 214 3928 mimum
230 3873 346 3949 portem
361 3865 503 3950 propriu,
528 3865 626 3948 qualia
641 3873 713 3929 suut
729 3859 858 3930 liureio
881 3863 1010 3948 (Athen.
1028 3859 1076 3926 lX

52 3989 81 4051 p.
97 3964 163 4032 38⁰
176 3965 218 4031 E.
234 3962 300 4030 409
314 3967 394 4046 Α.),
416 3961 545 4056 Polyxo
570 3967 688 4052 (Apoll.
712 3967 750 4030 de
772 3987 860 4051 prou.
877 3987 906 4048 p.
924 3963 988 4030 342
1003 3960 1072 4046 (L),

49 4062 167 4136 Φιὲοκο
190 4068 311 4155 (Apoll.
333 4069 371 4134 tle
395 4070 467 4135 adv.
487 4089 520 4154 p.
537 4066 633 4154 623),
656 4070 764 4154 purtim
787 4090 805 4132 ιι
827 4079 916 4153 poeto
932 4069 1018 4145 lictu,
1042 4078 1075 4131 ut

48 4173 141 4238 ilium
168 4172 334 4258 piscatoris
361 4170 547 4257 thynnorum
568 4173 692 4239 vocavit
704 4168 908 4239 Κωθωνίαν
933 4192 950 4235 a
974 4164 1074 4258 susp

49 4346 157 4411 ltpud
181 4345 275 4398 Alter.
299 4342 340 4397 Xl
362 4360 389 4412 p.
407 4345 459 4397 l8⁰
475 4345 504 4396 B.
529 4344 603 4397 cett.
627 4344 717 4408 tegunt
739 4342 858 4411 γυναῖκες
882 4341 914 4395 οἳ
934 4339 984 4395 τὰν
1006 4337 1076 4393 θεὸν

82 4419 164 4482 φαντὶ
181 4411 290 4477 ἕλιξιν,
314 4414 359 4467 ubi
377 4413 521 4480 Sctweipt.
539 4414 608 4466 coni.
627 4408 753 4473 ἔνδειξαι.
