2574 5054
199 753 264 822 240
473 757 511 815 Α.
533 753 656 816 PERSll
678 754 816 817 relect
835 754 939 817 vtro.

200 926 274 987 dum.
309 927 472 1006 scripserat
493 927 521 984 in
535 927 657 1005 pueritia
671 934 849 1005 praetextam
865 929 964 987 nescio
980 927 1026 987 cui
1041 936 1072 987 et
1086 928 1221 1007 opericnn

201 1014 299 1074 librum
314 1034 397 1072 unum
413 1023 443 1072 et
457 1031 564 1090 pannos
586 1013 614 1069 in
637 1030 765 1070 sororent
789 1014 896 1072 tersiae
910 1012 1008 1072 Arium
1024 1023 1142 1072 matrem
1159 1032 1222 1072 ver

122 1119 126 1127 ’
200 1119 264 1172 sna,
289 1118 360 1178 qune
384 1117 415 1157 se
437 1109 503 1156 aute
525 1098 615 1155 virum
637 1095 792 1156 oeeiderat.
829 1096 941 1157 Editum
968 1098 1068 1158 librum
1090 1100 1221 1158 continno

200 1186 295 1244 mirari
321 1184 449 1242 homiues
472 1192 629 1261 coeperunt
652 1192 682 1240 et
703 1182 912 1243 transscribere
935 1181 971 1243 de
992 1203 1049 1242 uno
1071 1186 1099 1241 ia
1127 1185 1220 1242 alium.

199 1269 267 1329 Mox
288 1289 358 1328 vero
382 1279 414 1326 ut
434 1266 469 1326 ad
493 1267 588 1325 scolas
610 1265 704 1325 duitor
725 1266 856 1346 lectoque
871 1267 973 1327 Lucilii
989 1268 1061 1328 libro
1079 1273 1119 1330 10
1134 1269 1222 1328 rebe·

199 1367 311 1415 menter
331 1365 443 1433 satyras
465 1371 636 1431 componere
658 1350 780 1423 studuit,
806 1354 886 1412 cuius
909 1354 974 1412 libri
995 1354 1163 1433 principium
1178 1362 1222 1413 est

200 1442 342 1513 inritatus3
368 1437 419 1497 scd
435 1438 516 1516 (sibe)
533 1439 640 1515 primu,
664 1457 729 1495 tuor
744 1437 870 1497 omnibus
882 1437 1050 1498 *detractans
1066 1459 1128 1499 eum
1144 1450 1221 1498 tanta

200 1527 320 1584 omniunt
344 1534 490 1602 poetarum
513 1534 544 1581 et
564 1533 708 1581 oratorum
731 1523 936 1595 insectatione,
967 1535 998 1584 ot
1025 1535 1054 1583 et
1074 1525 1220 1585 Neronem

200 1612 273 1670 illius
295 1610 430 1687 temporis
451 1609 604 1686 principem
633 1606 865 1685 reprehenderit,
893 1627 955 1668 cnm
980 1629 1082 1669 versus
1104 1611 1133 1668 in
1154 1629 1220 1670 eunt

199 1696 304 1755 lecerit
319 1693 433 1753 diceus:
458 1693 623 1752 Arrrr'culus
639 1694 720 1750 asciri
730 1694 815 1751 olida
834 1714 890 1751 reu
911 1695 1011 1756 hebet.
1044 1693 1102 1755 Sed
1118 1714 1135 1753 a
1151 1695 1220 1753 Cor·

198 1792 266 1839 auto
288 1778 463 1839 emendatum
487 1788 533 1837 est
555 1779 613 1837 sic:
642 1779 808 1837 Aurr'culus
832 1781 912 1837 esebi
939 1781 1004 1857 pusi
1025 1799 1083 1840 nnn
1109 1781 1220 1840 debet?

198 1885 234 1926 ue
250 1864 329 1925 Nero
345 1867 372 1923 in
389 1884 421 1924 se
438 1863 540 1922 dictum
557 1863 769 1922 existimaret*

283 1949 328 2010 Ad
344 1949 379 2009 ll.
395 1948 511 2007 Persius
527 1946 599 2026 apud
616 1967 648 2006 se
663 1946 841 2020 deliberavit,
856 1968 920 2008 num
935 1949 1088 2022 scriberet,
1104 1969 1158 2010 nee
1174 1970 1219 2010 ne.

198 2035 307 2114 incepit
322 2047 352 2095 et
366 2033 491 2105 destitit,
516 2043 618 2112 postca
641 2052 710 2092 vero
726 2035 905 2093 intolerantia
921 2036 1050 2093 vitiorum
1066 2047 1220 2095 coarmatus

198 2121 252 2180 boe
268 2140 338 2200 opus
354 2121 475 2198 incepit,
499 2115 573 2198 quod
589 2128 619 2177 et
633 2119 758 2196 perfecit
773 2131 802 2176 et
817 2131 881 2198 spet
896 2121 946 2197 (l)
963 2139 1078 2179 cansam
1094 2123 1219 2199 suseepti

198 2208 304 2285 operis.
348 2204 469 2283 Scripsit
498 2206 601 2274 etiam,
638 2213 670 2262 ut
698 2204 824 2264 lavarem
855 2204 1042 2264 Romanorum
1072 2217 1218 2285 capturct3

198 2293 312 2369 scripsit
328 2293 411 2350 etiarn
427 2309 515 2349 causa
529 2289 649 2368 gloriae,
666 2308 738 2369 quae
753 2301 798 2347 est
812 2291 957 2368 potissima
972 2310 1059 2351 eausa
1074 2292 1218 2352 scribendi

197 2377 326 2436 omnibns
343 2374 534 2445 auditoribus,
550 2372 624 2433 uode
640 2393 668 2432 e.
685 2374 775 2451 glorie
791 2395 842 2433 nos
858 2387 953 2434 senat.

282 2459 327 2530 Ad
343 2460 390 2521 lll.
414 2461 536 2521 blaterin
560 2457 642 2517 buius
667 2458 728 2517 iibri
745 2471 790 2518 est
804 2461 851 2519 illa
866 2463 1020 2520 communis
1036 2463 1156 2522 omnium
1173 2483 1219 2522 sa·

197 2547 371 2628 lyricorum,
394 2565 419 2604 s.
435 2546 532 2603 vitium
549 2546 608 2603 sive
624 2544 812 2622 reprehensio
827 2548 966 2606 vitiorum.

282 2629 327 2690 Ad
349 2630 398 2690 IV.
428 2629 549 2688 intentio
578 2647 630 2688 sua
656 2637 702 2687 est
721 2627 888 2690 dissuadere
911 2651 935 2689 s.
960 2630 1105 2691 dehortari
1128 2652 1218 2692 unsa

197 2716 271 2776 titiis
293 2727 323 2774 ct
345 2712 521 2796 persuadere
544 2711 581 2772 ad
602 2715 750 2787 virtutem,
773 2737 837 2775 nanu
853 2715 985 2796 egressio
999 2719 1060 2776 vitii
1075 2720 1218 2798 ingressio

196 2799 234 2863 od
248 2803 376 2862 virtutes.
393 2812 448 2860 etc.
466 2812 522 2859 etc.

359 2985 388 3037 ln
402 2986 441 3037 ed.
456 3001 496 3053 pr.
510 2993 568 3054 post
580 2987 661 3036 vitum
674 2985 739 3037 baec
751 2994 910 3051 sequuntur:

279 3090 394 3150 Persius
410 3089 456 3149 bic
472 3089 518 3149 diu
534 3088 681 3159 dubitans,
705 3099 794 3148 utrum
817 3091 932 3151 militiae
954 3111 990 3151 an
1005 3093 1136 3171 poetriae
1151 3112 1215 3152 sue·

194 3175 357 3248 euaderet,
385 3173 496 3235 taudem
518 3173 555 3235 ad
578 3185 703 3254 satyram
727 3173 904 3236 scribendam
928 3179 1048 3236 animum
1072 3179 1214 3259 applicuit,

193 3394 210 3452 ‘‚
229 3393 256 3444 ln
276 3394 332 3443 cod.
345 3392 452 3457 Erlsug.
472 3394 535 3443 baec
553 3393 689 3456 leguntur:
710 3393 835 3459 ‚‚Quiur0
854 3411 920 3446 anno
938 3402 994 3462 post
1011 3399 1153 3463 passionem
1172 3397 1216 3446 dn·

227 3463 289 3513 mini
314 3462 419 3513 Persius
445 3460 553 3512 Flaccus
578 3460 724 3513 Volaterris
751 3465 883 3528 uescitur,
916 3463 1008 3516 XXlX
1033 3473 1118 3517 entem
1145 3467 1214 3516 vitsc

227 3545 289 3581 sune
307 3546 374 3580 anun
392 3536 419 3580 et
436 3529 544 3582 Neronis
566 3528 603 3580 lX
621 3531 739 3581 moritur.
759 3532 874 3582 Secundo
892 3542 948 3598 post
967 3534 1103 3584 hiunnnno
1116 3532 1213 3585 Lucina

226 3598 332 3650 Auueus
351 3599 448 3649 Seneca
466 3598 640 3649 Cordubensis
659 3608 811 3666 praeceptor
828 3601 937 3652 Neronis
954 3608 980 3652 et
992 3609 1098 3668 patruus
1115 3602 1214 3654 Luceni

227 3675 317 3733 poetae
335 3667 461 3717 incisione
479 3682 602 3718 venerunt
621 3674 648 3718 et
664 3670 758 3719 veneni
785 3670 876 3720 baustu
895 3671 921 3720 iu
940 3670 1078 3722 Pisoniana
1095 3668 1215 3722 cbniura·

202 3772 207 3781 .
226 3737 295 3785 tioue
312 3736 487 3800 deprehensus
508 3737 600 3801 periit,
630 3742 657 3786 et
675 3735 741 3788 Nera
760 3738 900 3788 Cornutum
919 3747 1108 3806 praeceptorem
1134 3740 1212 3790 Persii

227 3805 252 3854 in
276 3805 381 3855 exilium
407 3804 518 3868 fugavit.
544 3806 581 3854 Ac
606 3804 698 3855 debinc
721 3810 832 3857 seeundo
858 3823 924 3858 nuno
947 3808 1042 3859 Petrus
1072 3815 1100 3860 et
1116 3807 1213 3861 Paulus

226 3873 401 3923 occubuere·“
432 3873 459 3923 lu
483 3874 538 3922 eod.
561 3871 653 3923 Dresd.
675 3870 736 3924 been
754 3875 808 3925 vita
827 3884 913 3926 exstat
935 3893 949 3926 n
975 3878 1118 3928 recentiore
1136 3893 1211 3928 manu

225 3942 338 4006 scripta:
360 3940 464 4003 „Aulus
478 3941 581 3991 Persius
594 3939 702 3992 Plausus
716 3944 809 3994 author
827 3955 972 4010 satyrarum
986 3953 1062 3995 natus
1080 3953 1120 3997 est
1136 3945 1213 3996 Voln-

225 4013 305 4060 terria
338 4009 476 4060 lletrurino
507 4009 607 4075 oppido.
637 4009 739 4062 Placuit
765 4013 908 4077 imperante
933 4012 1078 4064 llnruitiuno
1100 4012 1212 4065 Nerone.

224 4077 418 4143 Praeceptarem
437 4078 528 4128 babuit
546 4079 571 4127 in
590 4093 671 4140 gram.
692 4078 850 4131 flleuutuu
868 4081 1058 4146 Palaemonem,
1082 4082 1107 4132 iu
1127 4085 1213 4134 rbete·

226 4147 287 4197 ricis
311 4145 428 4196 Fluvium
454 4146 609 4210 virginium.
641 4147 738 4199 Probus
765 4148 814 4200 luit
837 4152 952 4201 moribus
976 4152 1123 4215 etepregin
1142 4153 1211 4203 vitae

225 4214 385 4278 integritate.
417 4214 563 4281 Composuit
588 4213 621 4265 Vl
648 4218 760 4280 satiras,
786 4220 812 4268 iu
838 4218 930 4285 quibua
957 4219 1053 4269 testim.
1081 4219 1211 4272 blnrtislis

225 4281 281 4346 (lv,
293 4283 336 4341 29,
349 4283 378 4348 7)
395 4283 516 4334 maiorem
535 4286 675 4350 promeruit
692 4285 809 4345 leudem,
829 4303 904 4353 quum
923 4286 1026 4339 Marcus
1045 4289 1072 4338 in
1089 4296 1145 4339 tots
1164 4304 1211 4338 sua

222 4351 387 4404 Amazonide.
423 4351 540 4404 llortuus
565 4358 606 4403 est
630 4368 672 4404 nu.
700 4353 771 4406 Cbri.
797 4354 899 4417 LXlV,
927 4358 1022 4409 aetatis
1046 4372 1109 4409 sune
1133 4358 1210 4409 uude·

227 4421 392 4488 trigesimu.“
