<?xml version="1.0" encoding="UTF-8"?>
<!DOCTYPE html PUBLIC "-//W3C//DTD XHTML 1.0 Transitional//EN"
    "http://www.w3.org/TR/xhtml1/DTD/xhtml1-transitional.dtd">
<html xmlns="http://www.w3.org/1999/xhtml" xml:lang="en" lang="en">
 <head>
  <title>
</title>
<meta http-equiv="Content-Type" content="text/html;charset=utf-8" />
  <meta name='ocr-system' content='tesseract 3.04.00' />
  <meta name='ocr-capabilities' content='ocr_page ocr_carea ocr_par ocr_line ocrx_word'/>
</head>
<body>
  <div class='ocr_page' id='page_1' title='image "./satirarumliberc00jahngoog_0133.png"; bbox 0 0 2574 5054; ppageno 0'>
   <div class='ocr_carea' id='block_1_1' title="bbox 127 749 823 821">
    <p class='ocr_par' dir='ltr' id='par_1_1' title="bbox 127 749 823 821">
     <span class='ocr_line' id='line_1_1' title="bbox 127 749 823 821; baseline -0.001 -2"><span class='ocrx_word' id='word_1_1' title='bbox 127 775 203 821; x_wconf 82' lang='lat' dir='ltr'>cxrr</span> <span class='ocrx_word' id='word_1_2' title='bbox 453 749 823 820; x_wconf 60' lang='lat' dir='ltr'>Pantauchum:</span> 
     </span>
    </p>
   </div>
   <div class='ocr_carea' id='block_1_2' title="bbox 128 924 1148 1420">
    <p class='ocr_par' dir='ltr' id='par_1_2' title="bbox 128 924 1148 1420">
     <span class='ocr_line' id='line_1_2' title="bbox 128 924 1148 1011; baseline -0.003 -21"><span class='ocrx_word' id='word_1_3' title='bbox 128 925 295 1003; x_wconf 66' lang='lat' dir='ltr'>iuniorem</span> <span class='ocrx_word' id='word_1_4' title='bbox 325 946 422 1010; x_wconf 89' lang='lat' dir='ltr'>eoque</span> <span class='ocrx_word' id='word_1_5' title='bbox 445 935 599 1011; x_wconf 73' lang='lat' dir='ltr'>tempore,</span> <span class='ocrx_word' id='word_1_6' title='bbox 629 926 708 1010; x_wconf 85' lang='lat' dir='ltr'>quod</span> <span class='ocrx_word' id='word_1_7' title='bbox 730 926 768 991; x_wconf 92' lang='lat' dir='ltr'>ab</span> <span class='ocrx_word' id='word_1_8' title='bbox 789 925 837 990; x_wconf 90' lang='lat' dir='ltr'>his</span> <span class='ocrx_word' id='word_1_9' title='bbox 865 924 974 990; x_wconf 82' lang='lat' dir='ltr'>studiis</span> <span class='ocrx_word' id='word_1_10' title='bbox 1002 937 1035 990; x_wconf 90' lang='lat' dir='ltr'>et</span> <span class='ocrx_word' id='word_1_11' title='bbox 1061 926 1148 990; x_wconf 88' lang='lat' dir='ltr'>simili</span> 
     </span>
     <span class='ocr_line' id='line_1_3' title="bbox 130 1027 1148 1113; baseline -0.002 -21"><span class='ocrx_word' id='word_1_12' title='bbox 130 1029 285 1093; x_wconf 83' lang='lat' dir='ltr'>doctrinae</span> <span class='ocrx_word' id='word_1_13' title='bbox 300 1030 420 1093; x_wconf 85' lang='lat' dir='ltr'>rationo</span> <span class='ocrx_word' id='word_1_14' title='bbox 435 1048 496 1092; x_wconf 89' lang='lat' dir='ltr'>uon</span> <span class='ocrx_word' id='word_1_15' title='bbox 511 1027 694 1107; x_wconf 88' lang='lat' dir='ltr'>abhorreat,</span> <span class='ocrx_word' id='word_1_16' title='bbox 717 1039 749 1092; x_wconf 85' lang='lat' dir='ltr'>et</span> <span class='ocrx_word' id='word_1_17' title='bbox 770 1048 847 1113; x_wconf 87' lang='lat' dir='ltr'>quae</span> <span class='ocrx_word' id='word_1_18' title='bbox 868 1028 901 1092; x_wconf 90' lang='lat' dir='ltr'>in</span> <span class='ocrx_word' id='word_1_19' title='bbox 917 1028 982 1092; x_wconf 88' lang='lat' dir='ltr'>cius</span> <span class='ocrx_word' id='word_1_20' title='bbox 998 1048 1148 1091; x_wconf 89' lang='lat' dir='ltr'>commen·</span> 
     </span>
     <span class='ocr_line' id='line_1_4' title="bbox 129 1130 1148 1215; baseline -0.003 -20"><span class='ocrx_word' id='word_1_21' title='bbox 129 1131 214 1195; x_wconf 85' lang='lat' dir='ltr'>teriis</span> <span class='ocrx_word' id='word_1_22' title='bbox 248 1131 343 1195; x_wconf 90' lang='lat' dir='ltr'>insint</span> <span class='ocrx_word' id='word_1_23' title='bbox 380 1130 520 1215; x_wconf 89' lang='lat' dir='ltr'>antiqua,</span> <span class='ocrx_word' id='word_1_24' title='bbox 558 1130 755 1214; x_wconf 71' lang='lat' dir='ltr'>probabiliter</span> <span class='ocrx_word' id='word_1_25' title='bbox 789 1131 828 1195; x_wconf 79' lang='lat' dir='ltr'>erl</span> <span class='ocrx_word' id='word_1_26' title='bbox 856 1141 992 1195; x_wconf 83' lang='lat' dir='ltr'>veterem</span> <span class='ocrx_word' id='word_1_27' title='bbox 1021 1130 1148 1212; x_wconf 75' lang='lat' dir='ltr'><strong>aliquem</strong></span> 
     </span>
     <span class='ocr_line' id='line_1_5' title="bbox 129 1228 1148 1318; baseline -0.001 -23"><span class='ocrx_word' id='word_1_28' title='bbox 129 1232 248 1297; x_wconf 83' lang='lat' dir='ltr'>doctum</span> <span class='ocrx_word' id='word_1_29' title='bbox 264 1233 489 1316; x_wconf 75' lang='lat' dir='ltr'>grammaticum</span> <span class='ocrx_word' id='word_1_30' title='bbox 505 1232 613 1317; x_wconf 78' lang='lat' dir='ltr'>partim</span> <span class='ocrx_word' id='word_1_31' title='bbox 628 1232 747 1316; x_wconf 85' lang='lat' dir='ltr'>quidem</span> <span class='ocrx_word' id='word_1_32' title='bbox 761 1232 872 1297; x_wconf 79' lang='lat' dir='ltr'>reterri</span> <span class='ocrx_word' id='word_1_33' title='bbox 886 1251 987 1318; x_wconf 82' lang='lat' dir='ltr'>posse.</span> <span class='ocrx_word' id='word_1_34' title='bbox 1027 1228 1148 1296; x_wconf 89' lang='lat' dir='ltr'>Utrum·</span> 
     </span>
     <span class='ocr_line' id='line_1_6' title="bbox 128 1335 1047 1420; baseline -0.003 -23"><span class='ocrx_word' id='word_1_35' title='bbox 128 1355 186 1419; x_wconf 86' lang='lat' dir='ltr'>que</span> <span class='ocrx_word' id='word_1_36' title='bbox 200 1336 340 1418; x_wconf 82' lang='lat' dir='ltr'>sequenti</span> <span class='ocrx_word' id='word_1_37' title='bbox 356 1335 559 1420; x_wconf 86' lang='lat' dir='ltr'>disputatione</span> <span class='ocrx_word' id='word_1_38' title='bbox 575 1345 781 1399; x_wconf 88' lang='lat' dir='ltr'>assecuturum</span> <span class='ocrx_word' id='word_1_39' title='bbox 797 1354 844 1399; x_wconf 93' lang='lat' dir='ltr'>me</span> <span class='ocrx_word' id='word_1_40' title='bbox 860 1354 929 1399; x_wconf 89' lang='lat' dir='ltr'>esse</span> <span class='ocrx_word' id='word_1_41' title='bbox 945 1353 1047 1419; x_wconf 86' lang='lat' dir='ltr'>spero.</span> 
     </span>
    </p>
   </div>
   <div class='ocr_carea' id='block_1_3' title="bbox 125 1466 1148 4504">
    <p class='ocr_par' dir='ltr' id='par_1_3' title="bbox 125 1466 1148 4504">
     <span class='ocr_line' id='line_1_7' title="bbox 215 1466 1148 1557; baseline -0.001 -23"><span class='ocrx_word' id='word_1_42' title='bbox 215 1467 324 1535; x_wconf 82' lang='lat' dir='ltr'>Fuisse</span> <span class='ocrx_word' id='word_1_43' title='bbox 344 1471 571 1557; x_wconf 83' lang='lat' dir='ltr'>grammaticum</span> <span class='ocrx_word' id='word_1_44' title='bbox 594 1471 741 1555; x_wconf 75' lang='lat' dir='ltr'>queniam</span> <span class='ocrx_word' id='word_1_45' title='bbox 763 1470 912 1536; x_wconf 88' lang='lat' dir='ltr'>iuniorem</span> <span class='ocrx_word' id='word_1_46' title='bbox 935 1466 1148 1534; x_wconf 88' lang='lat' dir='ltr'>Cornutum</span> 
     </span>
     <span class='ocr_line' id='line_1_8' title="bbox 129 1567 1148 1657; baseline -0.004 -22"><span class='ocrx_word' id='word_1_47' title='bbox 129 1572 219 1636; x_wconf 80' lang='lat' dir='ltr'>uilici</span> <span class='ocrx_word' id='word_1_48' title='bbox 234 1573 367 1657; x_wconf 58' lang='lat' dir='ltr'>&gt;primum</span> <span class='ocrx_word' id='word_1_49' title='bbox 390 1592 431 1635; x_wconf 81' lang='lat' dir='ltr'>ex</span> <span class='ocrx_word' id='word_1_50' title='bbox 453 1569 586 1636; x_wconf 88' lang='lat' dir='ltr'>Sinnero</span> <span class='ocrx_word' id='word_1_51' title='bbox 609 1567 682 1648; x_wconf 82' lang='lat' dir='ltr'>(cat.</span> <span class='ocrx_word' id='word_1_52' title='bbox 705 1573 793 1637; x_wconf 77' lang='lat' dir='ltr'>colu.</span> <span class='ocrx_word' id='word_1_53' title='bbox 815 1594 889 1637; x_wconf 89' lang='lat' dir='ltr'>mss.</span> <span class='ocrx_word' id='word_1_54' title='bbox 914 1570 990 1636; x_wconf 88' lang='lat' dir='ltr'>bibl.</span> <span class='ocrx_word' id='word_1_55' title='bbox 1016 1568 1112 1635; x_wconf 87' lang='lat' dir='ltr'>Bern.</span> <span class='ocrx_word' id='word_1_56' title='bbox 1137 1567 1148 1631; x_wconf 95' lang='lat' dir='ltr'>l</span> 
     </span>
     <span class='ocr_line' id='line_1_9' title="bbox 130 1669 1148 1759; baseline -0.003 -21"><span class='ocrx_word' id='word_1_57' title='bbox 130 1696 160 1759; x_wconf 83' lang='lat' dir='ltr'>p.</span> <span class='ocrx_word' id='word_1_58' title='bbox 178 1670 241 1738; x_wconf 75' lang='lat'>5⁰2</span> <span class='ocrx_word' id='word_1_59' title='bbox 251 1672 333 1758; x_wconf 64' lang='grc' dir='ltr'>ιφ),</span> <span class='ocrx_word' id='word_1_60' title='bbox 357 1674 406 1757; x_wconf 86' lang='lat' dir='ltr'>qui</span> <span class='ocrx_word' id='word_1_61' title='bbox 421 1677 535 1751; x_wconf 88' lang='lat' dir='ltr'>relert,</span> <span class='ocrx_word' id='word_1_62' title='bbox 553 1686 678 1753; x_wconf 83' lang='lat' dir='ltr'>exstare</span> <span class='ocrx_word' id='word_1_63' title='bbox 694 1675 725 1739; x_wconf 89' lang='lat' dir='ltr'>in</span> <span class='ocrx_word' id='word_1_64' title='bbox 740 1674 845 1740; x_wconf 87' lang='lat' dir='ltr'>codice</span> <span class='ocrx_word' id='word_1_65' title='bbox 859 1674 1059 1739; x_wconf 80' lang='lat' dir='ltr'>bibliothecae</span> <span class='ocrx_word' id='word_1_66' title='bbox 1076 1669 1148 1736; x_wconf 82' lang='lat' dir='ltr'>Rer-</span> 
     </span>
     <span class='ocr_line' id='line_1_10' title="bbox 129 1762 1148 1861; baseline -0.001 -22"><span class='ocrx_word' id='word_1_67' title='bbox 129 1777 234 1841; x_wconf 86' lang='lat' dir='ltr'>nensis</span> <span class='ocrx_word' id='word_1_68' title='bbox 250 1776 364 1841; x_wconf 75' lang='lat' dir='ltr'>scholia</span> <span class='ocrx_word' id='word_1_69' title='bbox 384 1775 416 1839; x_wconf 92' lang='lat' dir='ltr'>in</span> <span class='ocrx_word' id='word_1_70' title='bbox 437 1762 687 1855; x_wconf 82' lang='lat' dir='ltr'>iuvenalem,</span> <span class='ocrx_word' id='word_1_71' title='bbox 710 1777 742 1840; x_wconf 89' lang='lat' dir='ltr'>in</span> <span class='ocrx_word' id='word_1_72' title='bbox 758 1776 864 1861; x_wconf 89' lang='lat' dir='ltr'>quibus</span> <span class='ocrx_word' id='word_1_73' title='bbox 880 1772 1011 1840; x_wconf 90' lang='lat' dir='ltr'>Cornuti</span> <span class='ocrx_word' id='word_1_74' title='bbox 1026 1773 1148 1838; x_wconf 83' lang='lat' dir='ltr'>elucta-</span> 
     </span>
     <span class='ocr_line' id='line_1_11' title="bbox 130 1870 1148 1964; baseline 0.002 -24"><span class='ocrx_word' id='word_1_75' title='bbox 130 1878 244 1940; x_wconf 88' lang='lat' dir='ltr'>tionum</span> <span class='ocrx_word' id='word_1_76' title='bbox 260 1878 373 1941; x_wconf 89' lang='lat' dir='ltr'>mentio</span> <span class='ocrx_word' id='word_1_77' title='bbox 389 1879 460 1951; x_wconf 89' lang='lat' dir='ltr'>hat,</span> <span class='ocrx_word' id='word_1_78' title='bbox 485 1898 608 1963; x_wconf 88' lang='lat' dir='ltr'>quorum</span> <span class='ocrx_word' id='word_1_79' title='bbox 625 1870 684 1944; x_wconf 75' lang='lat' dir='ltr'>(luo</span> <span class='ocrx_word' id='word_1_80' title='bbox 699 1879 863 1964; x_wconf 81' lang='lat' dir='ltr'>specimina</span> <span class='ocrx_word' id='word_1_81' title='bbox 879 1878 1004 1945; x_wconf 82' lang='lat' dir='ltr'>allidit.</span> <span class='ocrx_word' id='word_1_82' title='bbox 1028 1876 1148 1945; x_wconf 80' lang='lat' dir='ltr'>Barnea</span> 
     </span>
     <span class='ocr_line' id='line_1_12' title="bbox 129 1979 1148 2064; baseline 0.002 -22"><span class='ocrx_word' id='word_1_83' title='bbox 129 1979 223 2062; x_wconf 86' lang='lat' dir='ltr'>igitur</span> <span class='ocrx_word' id='word_1_84' title='bbox 243 1979 377 2045; x_wconf 89' lang='lat' dir='ltr'>codicem</span> <span class='ocrx_word' id='word_1_85' title='bbox 401 1979 482 2044; x_wconf 90' lang='lat' dir='ltr'>huuc</span> <span class='ocrx_word' id='word_1_86' title='bbox 505 1981 555 2062; x_wconf 86' lang='lat' dir='ltr'>(u.</span> <span class='ocrx_word' id='word_1_87' title='bbox 571 1979 634 2046; x_wconf 75' lang='lat'>223</span> <span class='ocrx_word' id='word_1_88' title='bbox 650 1983 727 2064; x_wconf 85' lang='lat' dir='ltr'>cat.)</span> <span class='ocrx_word' id='word_1_89' title='bbox 748 1980 918 2045; x_wconf 70' lang='lat' dir='ltr'>accuratius</span> <span class='ocrx_word' id='word_1_90' title='bbox 941 1981 1072 2047; x_wconf 76' lang='lat' dir='ltr'>tractavi</span> <span class='ocrx_word' id='word_1_91' title='bbox 1096 1982 1148 2062; x_wconf 84' lang='lat' dir='ltr'>(cl.</span> 
     </span>
     <span class='ocr_line' id='line_1_13' title="bbox 132 2077 1148 2166; baseline 0.001 -21"><span class='ocrx_word' id='word_1_92' title='bbox 132 2077 229 2145; x_wconf 88' lang='lat' dir='ltr'>Orell.</span> <span class='ocrx_word' id='word_1_93' title='bbox 247 2102 296 2166; x_wconf 74' lang='lat' dir='ltr'>ep.</span> <span class='ocrx_word' id='word_1_94' title='bbox 315 2083 383 2147; x_wconf 80' lang='lat' dir='ltr'>erit.</span> <span class='ocrx_word' id='word_1_95' title='bbox 401 2079 609 2166; x_wconf 72' lang='lat' dir='ltr'>uillelmo.</span> <span class='ocrx_word' id='word_1_96' title='bbox 627 2079 731 2164; x_wconf 82' lang='lat' dir='ltr'><strong>LIX).</strong></span> <span class='ocrx_word' id='word_1_97' title='bbox 775 2080 835 2146; x_wconf 88' lang='lat' dir='ltr'>Est</span> <span class='ocrx_word' id='word_1_98' title='bbox 854 2082 1032 2148; x_wconf 73' lang='lat' dir='ltr'>chartaceus</span> <span class='ocrx_word' id='word_1_99' title='bbox 1055 2084 1148 2147; x_wconf 88' lang='lat' dir='ltr'>lorma</span> 
     </span>
     <span class='ocr_line' id='line_1_14' title="bbox 129 2179 1148 2271; baseline 0.001 -24"><span class='ocrx_word' id='word_1_100' title='bbox 129 2184 260 2247; x_wconf 78' lang='lat' dir='ltr'>maxima</span> <span class='ocrx_word' id='word_1_101' title='bbox 283 2185 429 2271; x_wconf 85' lang='lat' dir='ltr'>scriptus,</span> <span class='ocrx_word' id='word_1_102' title='bbox 453 2204 519 2249; x_wconf 90' lang='lat' dir='ltr'>sec.</span> <span class='ocrx_word' id='word_1_103' title='bbox 540 2179 617 2264; x_wconf 84' lang='lat' dir='ltr'>XV,</span> <span class='ocrx_word' id='word_1_104' title='bbox 640 2186 767 2252; x_wconf 88' lang='lat' dir='ltr'>ethaeo</span> <span class='ocrx_word' id='word_1_105' title='bbox 788 2184 944 2250; x_wconf 83' lang='lat' dir='ltr'>continet:</span> <span class='ocrx_word' id='word_1_106' title='bbox 968 2183 1148 2248; x_wconf 77' lang='lat' dir='ltr'>Scholr&#39;nia</span> 
     </span>
     <span class='ocr_line' id='line_1_15' title="bbox 127 2283 1148 2374; baseline -0.001 -24"><span class='ocrx_word' id='word_1_107' title='bbox 127 2283 259 2350; x_wconf 80' lang='lat' dir='ltr'>Horatii</span> <span class='ocrx_word' id='word_1_108' title='bbox 282 2295 382 2350; x_wconf 81' lang='lat' dir='ltr'>artem</span> <span class='ocrx_word' id='word_1_109' title='bbox 406 2288 561 2372; x_wconf 80' lang='lat' dir='ltr'>poetacam</span> <span class='ocrx_word' id='word_1_110' title='bbox 589 2295 683 2373; x_wconf 81' lang='lat' dir='ltr'>atque</span> <span class='ocrx_word' id='word_1_111' title='bbox 703 2286 822 2374; x_wconf 79' lang='lat' dir='ltr'>epodon</span> <span class='ocrx_word' id='word_1_112' title='bbox 845 2285 978 2366; x_wconf 75' lang='lat' dir='ltr'>lr‘3brum</span> <span class='ocrx_word' id='word_1_113' title='bbox 1021 2284 1148 2350; x_wconf 74' lang='lat' dir='ltr'>Aueri-</span> 
     </span>
     <span class='ocr_line' id='line_1_16' title="bbox 130 2387 1148 2475; baseline -0.001 -23"><span class='ocrx_word' id='word_1_114' title='bbox 130 2408 217 2462; x_wconf 87' lang='lat' dir='ltr'>cum,</span> <span class='ocrx_word' id='word_1_115' title='bbox 240 2390 271 2452; x_wconf 93' lang='lat' dir='ltr'>iu</span> <span class='ocrx_word' id='word_1_116' title='bbox 288 2388 447 2452; x_wconf 88' lang='lat' dir='ltr'>cuiusbue</span> <span class='ocrx_word' id='word_1_117' title='bbox 463 2387 604 2474; x_wconf 83' lang='lat' dir='ltr'>scriptum</span> <span class='ocrx_word' id='word_1_118' title='bbox 621 2399 689 2455; x_wconf 87' lang='lat' dir='ltr'>est.</span> <span class='ocrx_word' id='word_1_119' title='bbox 712 2387 1049 2475; x_wconf 70' lang='lat' dir='ltr'>EeplicitAlbericua</span> <span class='ocrx_word' id='word_1_120' title='bbox 1069 2387 1148 2454; x_wconf 80' lang='lat' dir='ltr'>Lon·</span> 
     </span>
     <span class='ocr_line' id='line_1_17' title="bbox 130 2477 1148 2574; baseline -0.001 -20"><span class='ocrx_word' id='word_1_121' title='bbox 130 2491 230 2554; x_wconf 81' lang='lat' dir='ltr'>donam</span> <span class='ocrx_word' id='word_1_122' title='bbox 246 2490 283 2554; x_wconf 84' lang='lat' dir='ltr'>de</span> <span class='ocrx_word' id='word_1_123' title='bbox 306 2491 440 2553; x_wconf 81' lang='lat' dir='ltr'>ueritate</span> <span class='ocrx_word' id='word_1_124' title='bbox 454 2488 650 2574; x_wconf 74' lang='lat' dir='ltr'>schalmum.</span> <span class='ocrx_word' id='word_1_125' title='bbox 673 2489 770 2557; x_wconf 84' lang='lat' dir='ltr'>Anno</span> <span class='ocrx_word' id='word_1_126' title='bbox 780 2477 844 2555; x_wconf 80' lang='lat' dir='ltr'>dne</span> <span class='ocrx_word' id='word_1_127' title='bbox 856 2490 956 2554; x_wconf 71' lang='lat' dir='ltr'>tuum</span> <span class='ocrx_word' id='word_1_128' title='bbox 976 2489 1018 2555; x_wconf 81' lang='lat'>19</span> <span class='ocrx_word' id='word_1_129' title='bbox 1032 2491 1148 2553; x_wconf 70' lang='lat' dir='ltr'>inermi.</span> 
     </span>
     <span class='ocr_line' id='line_1_18' title="bbox 129 2590 1148 2678; baseline -0.002 -23"><span class='ocrx_word' id='word_1_130' title='bbox 129 2592 196 2655; x_wconf 86' lang='lat' dir='ltr'>Deo</span> <span class='ocrx_word' id='word_1_131' title='bbox 216 2593 363 2676; x_wconf 79' lang='lat' dir='ltr'>gratius,</span> <span class='ocrx_word' id='word_1_132' title='bbox 415 2590 517 2677; x_wconf 80' lang='lat' dir='ltr'>Caput</span> <span class='ocrx_word' id='word_1_133' title='bbox 537 2591 577 2655; x_wconf 79' lang='lat'>21</span> <span class='ocrx_word' id='word_1_134' title='bbox 602 2590 681 2655; x_wconf 80' lang='lat' dir='ltr'>li’bm</span> <span class='ocrx_word' id='word_1_135' title='bbox 690 2591 783 2657; x_wconf 84' lang='lat' dir='ltr'>XIX</span> <span class='ocrx_word' id='word_1_136' title='bbox 792 2592 884 2678; x_wconf 82' lang='lat' dir='ltr'>Agcl</span> <span class='ocrx_word' id='word_1_137' title='bbox 882 2592 922 2655; x_wconf 76' lang='lat' dir='ltr'>lis</span> <span class='ocrx_word' id='word_1_138' title='bbox 937 2593 1074 2656; x_wconf 81' lang='lat' dir='ltr'>noctsum</span> <span class='ocrx_word' id='word_1_139' title='bbox 1091 2591 1148 2656; x_wconf 83' lang='lat' dir='ltr'>Ar-</span> 
     </span>
     <span class='ocr_line' id='line_1_19' title="bbox 130 2693 1148 2779; baseline 0 -24"><span class='ocrx_word' id='word_1_140' title='bbox 130 2695 282 2772; x_wconf 71' lang='lat' dir='ltr'>ticornm5</span> <span class='ocrx_word' id='word_1_141' title='bbox 326 2693 415 2758; x_wconf 86' lang='lat' dir='ltr'>Haec</span> <span class='ocrx_word' id='word_1_142' title='bbox 441 2703 516 2757; x_wconf 84' lang='lat' dir='ltr'>sunt</span> <span class='ocrx_word' id='word_1_143' title='bbox 542 2695 667 2757; x_wconf 79' lang='lat' dir='ltr'>mommo</span> <span class='ocrx_word' id='word_1_144' title='bbox 687 2695 927 2779; x_wconf 67' lang='lat' dir='ltr'>magistratuum</span> <span class='ocrx_word' id='word_1_145' title='bbox 950 2693 1148 2778; x_wconf 75' lang='lat' dir='ltr'>dr&#39;g‘m&#39;totum·</span> 
     </span>
     <span class='ocr_line' id='line_1_20' title="bbox 129 2794 1148 2879; baseline 0.001 -23"><span class='ocrx_word' id='word_1_146' title='bbox 129 2815 187 2879; x_wconf 86' lang='lat' dir='ltr'>que</span> <span class='ocrx_word' id='word_1_147' title='bbox 218 2804 354 2857; x_wconf 82' lang='lat' dir='ltr'>ueterum</span> <span class='ocrx_word' id='word_1_148' title='bbox 387 2795 595 2859; x_wconf 81' lang='lat' dir='ltr'>Romanorum</span> <span class='ocrx_word' id='word_1_149' title='bbox 630 2796 788 2874; x_wconf 57' lang='lat' dir='ltr'>ciuitatem</span> <span class='ocrx_word' id='word_1_150' title='bbox 837 2794 1084 2860; x_wconf 79' lang='lat' dir='ltr'>Commentarius</span> <span class='ocrx_word' id='word_1_151' title='bbox 1120 2796 1148 2858; x_wconf 82' lang='lat' dir='ltr'>in</span> 
     </span>
     <span class='ocr_line' id='line_1_21' title="bbox 129 2890 1148 2981; baseline 0 -22"><span class='ocrx_word' id='word_1_152' title='bbox 129 2894 321 2971; x_wconf 85' lang='lat' dir='ltr'>quenalem,</span> <span class='ocrx_word' id='word_1_153' title='bbox 352 2895 423 2961; x_wconf 79' lang='lat' dir='ltr'>iude</span> <span class='ocrx_word' id='word_1_154' title='bbox 446 2917 463 2959; x_wconf 90' lang='lat' dir='ltr'>a</span> <span class='ocrx_word' id='word_1_155' title='bbox 484 2907 543 2960; x_wconf 90' lang='lat' dir='ltr'>sat.</span> <span class='ocrx_word' id='word_1_156' title='bbox 568 2893 609 2975; x_wconf 88' lang='grc' dir='ltr'>ΙΙ,</span> <span class='ocrx_word' id='word_1_157' title='bbox 635 2894 698 2960; x_wconf 78' lang='lat'>152</span> <span class='ocrx_word' id='word_1_158' title='bbox 719 2890 813 2981; x_wconf 85' lang='lat' dir='ltr'>usque</span> <span class='ocrx_word' id='word_1_159' title='bbox 837 2898 874 2962; x_wconf 91' lang='lat' dir='ltr'>ad</span> <span class='ocrx_word' id='word_1_160' title='bbox 891 2897 1000 2976; x_wconf 79' lang='lat' dir='ltr'>huem3</span> <span class='ocrx_word' id='word_1_161' title='bbox 1043 2896 1148 2960; x_wconf 74' lang='lat' dir='ltr'>Annei</span> 
     </span>
     <span class='ocr_line' id='line_1_22' title="bbox 131 2996 1148 3085; baseline -0.001 -24"><span class='ocrx_word' id='word_1_162' title='bbox 131 2996 268 3062; x_wconf 81' lang='lat' dir='ltr'>Cornuti</span> <span class='ocrx_word' id='word_1_163' title='bbox 293 3007 492 3061; x_wconf 83' lang='lat' dir='ltr'>commentum</span> <span class='ocrx_word' id='word_1_164' title='bbox 519 2999 552 3061; x_wconf 78' lang='lat' dir='ltr'>in</span> <span class='ocrx_word' id='word_1_165' title='bbox 580 2997 679 3062; x_wconf 81' lang='lat' dir='ltr'>Aulis</span> <span class='ocrx_word' id='word_1_166' title='bbox 708 2996 809 3084; x_wconf 77' lang='lat' dir='ltr'>Ftagi</span> <span class='ocrx_word' id='word_1_167' title='bbox 839 2998 946 3085; x_wconf 81' lang='lat' dir='ltr'>Persii</span> <span class='ocrx_word' id='word_1_168' title='bbox 970 3007 1148 3084; x_wconf 77' lang='lat' dir='ltr'>satyrorum</span> 
     </span>
     <span class='ocr_line' id='line_1_23' title="bbox 129 3096 1148 3185; baseline 0.002 -22"><span class='ocrx_word' id='word_1_169' title='bbox 129 3100 253 3164; x_wconf 81' lang='lat' dir='ltr'>labrum.</span> <span class='ocrx_word' id='word_1_170' title='bbox 300 3096 543 3164; x_wconf 67' lang='lat' dir='ltr'>Commentarius</span> <span class='ocrx_word' id='word_1_171' title='bbox 564 3101 596 3164; x_wconf 93' lang='lat' dir='ltr'>iu</span> <span class='ocrx_word' id='word_1_172' title='bbox 618 3096 793 3164; x_wconf 82' lang='lat' dir='ltr'>Iuvenalem</span> <span class='ocrx_word' id='word_1_173' title='bbox 824 3101 899 3165; x_wconf 89' lang='lat' dir='ltr'>satis</span> <span class='ocrx_word' id='word_1_174' title='bbox 926 3099 1063 3185; x_wconf 81' lang='lat' dir='ltr'>prolixus</span> <span class='ocrx_word' id='word_1_175' title='bbox 1093 3109 1148 3178; x_wconf 73' lang='lat' dir='ltr'>est,</span> 
     </span>
     <span class='ocr_line' id='line_1_24' title="bbox 125 3200 1148 3295; baseline 0.001 -30"><span class='ocrx_word' id='word_1_176' title='bbox 125 3200 170 3295; x_wconf 72' lang='lat' dir='ltr'>bt</span> <span class='ocrx_word' id='word_1_177' title='bbox 193 3200 272 3267; x_wconf 87' lang='lat' dir='ltr'>loliis</span> <span class='ocrx_word' id='word_1_178' title='bbox 296 3202 426 3288; x_wconf 79' lang='lat' dir='ltr'>scriptus</span> <span class='ocrx_word' id='word_1_179' title='bbox 455 3213 486 3265; x_wconf 93' lang='lat' dir='ltr'>et</span> <span class='ocrx_word' id='word_1_180' title='bbox 515 3201 603 3286; x_wconf 81' lang='lat' dir='ltr'>nugis</span> <span class='ocrx_word' id='word_1_181' title='bbox 626 3202 757 3266; x_wconf 79' lang='lat' dir='ltr'>refertus</span> <span class='ocrx_word' id='word_1_182' title='bbox 780 3200 875 3285; x_wconf 89' lang='lat' dir='ltr'>(haud</span> <span class='ocrx_word' id='word_1_183' title='bbox 898 3201 1001 3286; x_wconf 85' lang='lat' dir='ltr'>paucis</span> <span class='ocrx_word' id='word_1_184' title='bbox 1023 3202 1055 3265; x_wconf 90' lang='lat' dir='ltr'>iu</span> <span class='ocrx_word' id='word_1_185' title='bbox 1079 3201 1148 3266; x_wconf 80' lang='lat' dir='ltr'>locis</span> 
     </span>
     <span class='ocr_line' id='line_1_25' title="bbox 129 3302 1148 3388; baseline -0.001 -21"><span class='ocrx_word' id='word_1_186' title='bbox 129 3305 256 3368; x_wconf 86' lang='lat' dir='ltr'>lacunae</span> <span class='ocrx_word' id='word_1_187' title='bbox 278 3314 350 3368; x_wconf 88' lang='lat' dir='ltr'>suut</span> <span class='ocrx_word' id='word_1_188' title='bbox 371 3303 529 3369; x_wconf 88' lang='lat' dir='ltr'>breviores</span> <span class='ocrx_word' id='word_1_189' title='bbox 552 3302 743 3382; x_wconf 84' lang='lat' dir='ltr'>maioresve,</span> <span class='ocrx_word' id='word_1_190' title='bbox 768 3313 800 3367; x_wconf 90' lang='lat' dir='ltr'>et</span> <span class='ocrx_word' id='word_1_191' title='bbox 821 3323 912 3388; x_wconf 83' lang='lat' dir='ltr'>saepe</span> <span class='ocrx_word' id='word_1_192' title='bbox 933 3305 971 3367; x_wconf 82' lang='lat' dir='ltr'>erl</span> <span class='ocrx_word' id='word_1_193' title='bbox 993 3303 1148 3369; x_wconf 89' lang='lat' dir='ltr'>clariorem</span> 
     </span>
     <span class='ocr_line' id='line_1_26' title="bbox 128 3404 1148 3491; baseline 0.001 -22"><span class='ocrx_word' id='word_1_194' title='bbox 128 3406 312 3470; x_wconf 81' lang='lat' dir='ltr'>intellectum</span> <span class='ocrx_word' id='word_1_195' title='bbox 338 3426 459 3482; x_wconf 90' lang='lat' dir='ltr'>rerum,</span> <span class='ocrx_word' id='word_1_196' title='bbox 497 3426 573 3489; x_wconf 88' lang='lat' dir='ltr'>quae</span> <span class='ocrx_word' id='word_1_197' title='bbox 603 3405 814 3491; x_wconf 79' lang='lat' dir='ltr'>explicantur,</span> <span class='ocrx_word' id='word_1_198' title='bbox 845 3416 877 3468; x_wconf 92' lang='lat' dir='ltr'>et</span> <span class='ocrx_word' id='word_1_199' title='bbox 909 3404 1091 3483; x_wconf 86' lang='lat' dir='ltr'>scribentis,</span> <span class='ocrx_word' id='word_1_200' title='bbox 1122 3417 1148 3470; x_wconf 90' lang='lat' dir='ltr'>ut</span> 
     </span>
     <span class='ocr_line' id='line_1_27' title="bbox 128 3506 1148 3592; baseline -0.001 -21"><span class='ocrx_word' id='word_1_201' title='bbox 128 3508 267 3585; x_wconf 78' lang='lat' dir='ltr'>vitetur,</span> <span class='ocrx_word' id='word_1_202' title='bbox 299 3507 531 3572; x_wconf 86' lang='lat' dir='ltr'>delectationem</span> <span class='ocrx_word' id='word_1_203' title='bbox 553 3507 700 3592; x_wconf 84' lang='lat' dir='ltr'>imagines</span> <span class='ocrx_word' id='word_1_204' title='bbox 722 3506 790 3571; x_wconf 87' lang='lat' dir='ltr'>rudi</span> <span class='ocrx_word' id='word_1_205' title='bbox 814 3507 929 3571; x_wconf 80' lang='lat' dir='ltr'>calamo</span> <span class='ocrx_word' id='word_1_206' title='bbox 959 3507 990 3570; x_wconf 92' lang='lat' dir='ltr'>iu</span> <span class='ocrx_word' id='word_1_207' title='bbox 1017 3508 1148 3592; x_wconf 74' lang='lat' dir='ltr'>margine</span> 
     </span>
     <span class='ocr_line' id='line_1_28' title="bbox 130 3608 1148 3694; baseline -0.001 -20"><span class='ocrx_word' id='word_1_208' title='bbox 130 3611 299 3675; x_wconf 84' lang='lat' dir='ltr'>delineatae</span> <span class='ocrx_word' id='word_1_209' title='bbox 321 3611 427 3690; x_wconf 87' lang='lat' dir='ltr'>sunt),</span> <span class='ocrx_word' id='word_1_210' title='bbox 451 3609 500 3693; x_wconf 85' lang='lat' dir='ltr'>qui</span> <span class='ocrx_word' id='word_1_211' title='bbox 523 3629 580 3674; x_wconf 90' lang='lat' dir='ltr'>uec</span> <span class='ocrx_word' id='word_1_212' title='bbox 602 3631 620 3672; x_wconf 86' lang='lat' dir='ltr'>a</span> <span class='ocrx_word' id='word_1_213' title='bbox 641 3630 699 3694; x_wconf 85' lang='lat' dir='ltr'>quo</span> <span class='ocrx_word' id='word_1_214' title='bbox 723 3629 781 3674; x_wconf 89' lang='lat' dir='ltr'>nec</span> <span class='ocrx_word' id='word_1_215' title='bbox 797 3630 855 3693; x_wconf 92' lang='lat' dir='ltr'>quo</span> <span class='ocrx_word' id='word_1_216' title='bbox 871 3618 1007 3692; x_wconf 84' lang='lat' dir='ltr'>tempore</span> <span class='ocrx_word' id='word_1_217' title='bbox 1021 3608 1148 3694; x_wconf 81' lang='lat' dir='ltr'>scriptus</span> 
     </span>
     <span class='ocr_line' id='line_1_29' title="bbox 128 3709 1148 3796; baseline -0.003 -21"><span class='ocrx_word' id='word_1_218' title='bbox 128 3713 187 3790; x_wconf 90' lang='lat' dir='ltr'>sit,</span> <span class='ocrx_word' id='word_1_219' title='bbox 209 3712 268 3776; x_wconf 87' lang='lat' dir='ltr'>dici</span> <span class='ocrx_word' id='word_1_220' title='bbox 291 3721 410 3795; x_wconf 83' lang='lat' dir='ltr'>potest,</span> <span class='ocrx_word' id='word_1_221' title='bbox 435 3731 611 3794; x_wconf 87' lang='lat' dir='ltr'>quamquam</span> <span class='ocrx_word' id='word_1_222' title='bbox 633 3710 661 3774; x_wconf 83' lang='lat' dir='ltr'>id</span> <span class='ocrx_word' id='word_1_223' title='bbox 684 3709 801 3794; x_wconf 78' lang='lat' dir='ltr'>quidem</span> <span class='ocrx_word' id='word_1_224' title='bbox 824 3720 967 3796; x_wconf 84' lang='lat' dir='ltr'>apparet,</span> <span class='ocrx_word' id='word_1_225' title='bbox 997 3721 1148 3775; x_wconf 86' lang='lat' dir='ltr'>auctorem</span> 
     </span>
     <span class='ocr_line' id='line_1_30' title="bbox 126 3808 1148 3897; baseline -0.001 -22"><span class='ocrx_word' id='word_1_226' title='bbox 126 3813 369 3877; x_wconf 88' lang='lat' dir='ltr'>recentissimum</span> <span class='ocrx_word' id='word_1_227' title='bbox 387 3833 467 3878; x_wconf 87' lang='lat' dir='ltr'>esse.</span> <span class='ocrx_word' id='word_1_228' title='bbox 498 3810 529 3876; x_wconf 87' lang='lat' dir='ltr'>ls</span> <span class='ocrx_word' id='word_1_229' title='bbox 545 3813 657 3894; x_wconf 84' lang='lat' dir='ltr'>igitur,</span> <span class='ocrx_word' id='word_1_230' title='bbox 681 3813 813 3897; x_wconf 78' lang='lat' dir='ltr'>qrrisquis</span> <span class='ocrx_word' id='word_1_231' title='bbox 829 3813 902 3891; x_wconf 88' lang='lat' dir='ltr'>luit,</span> <span class='ocrx_word' id='word_1_232' title='bbox 920 3808 1050 3876; x_wconf 88' lang='lat' dir='ltr'>Cornuti</span> <span class='ocrx_word' id='word_1_233' title='bbox 1065 3812 1148 3878; x_wconf 87' lang='lat' dir='ltr'>sobo</span> 
     </span>
     <span class='ocr_line' id='line_1_31' title="bbox 126 3912 1148 4002; baseline 0.001 -26"><span class='ocrx_word' id='word_1_234' title='bbox 126 3912 174 3977; x_wconf 87' lang='lat' dir='ltr'>liis</span> <span class='ocrx_word' id='word_1_235' title='bbox 196 3936 269 3979; x_wconf 90' lang='lat' dir='ltr'>usus</span> <span class='ocrx_word' id='word_1_236' title='bbox 292 3925 348 3978; x_wconf 90' lang='lat' dir='ltr'>est.</span> <span class='ocrx_word' id='word_1_237' title='bbox 378 3913 446 4000; x_wconf 86' lang='lat' dir='ltr'>Ego</span> <span class='ocrx_word' id='word_1_238' title='bbox 471 3935 545 3979; x_wconf 87' lang='lat' dir='ltr'>vero</span> <span class='ocrx_word' id='word_1_239' title='bbox 569 3934 674 3978; x_wconf 89' lang='lat' dir='ltr'>omues</span> <span class='ocrx_word' id='word_1_240' title='bbox 696 3916 781 3978; x_wconf 90' lang='lat' dir='ltr'>locos</span> <span class='ocrx_word' id='word_1_241' title='bbox 797 3912 867 3977; x_wconf 92' lang='lat' dir='ltr'>mihi</span> <span class='ocrx_word' id='word_1_242' title='bbox 882 3915 1100 4002; x_wconf 87' lang='lat' dir='ltr'>transscripsi,</span> <span class='ocrx_word' id='word_1_243' title='bbox 1122 3913 1148 3977; x_wconf 90' lang='lat' dir='ltr'>ir</span> 
     </span>
     <span class='ocr_line' id='line_1_32' title="bbox 127 4012 1148 4097; baseline 0.001 -19"><span class='ocrx_word' id='word_1_244' title='bbox 127 4014 233 4097; x_wconf 84' lang='lat' dir='ltr'>quibus</span> <span class='ocrx_word' id='word_1_245' title='bbox 250 4012 379 4080; x_wconf 87' lang='lat' dir='ltr'>Cornuti</span> <span class='ocrx_word' id='word_1_246' title='bbox 396 4018 509 4082; x_wconf 85' lang='lat' dir='ltr'>mentio</span> <span class='ocrx_word' id='word_1_247' title='bbox 524 4018 575 4095; x_wconf 83' lang='lat' dir='ltr'>ur,</span> <span class='ocrx_word' id='word_1_248' title='bbox 600 4016 626 4079; x_wconf 89' lang='lat' dir='ltr'>si</span> <span class='ocrx_word' id='word_1_249' title='bbox 642 4017 721 4079; x_wconf 85' lang='lat' dir='ltr'>torte</span> <span class='ocrx_word' id='word_1_250' title='bbox 739 4016 775 4080; x_wconf 78' lang='lat' dir='ltr'>(le</span> <span class='ocrx_word' id='word_1_251' title='bbox 792 4017 857 4081; x_wconf 90' lang='lat' dir='ltr'>eius</span> <span class='ocrx_word' id='word_1_252' title='bbox 872 4017 996 4081; x_wconf 89' lang='lat' dir='ltr'>scholiis</span> <span class='ocrx_word' id='word_1_253' title='bbox 1011 4015 1148 4080; x_wconf 81' lang='lat' dir='ltr'>iudicium</span> 
     </span>
     <span class='ocr_line' id='line_1_33' title="bbox 127 4113 1148 4205; baseline 0.004 -27"><span class='ocrx_word' id='word_1_254' title='bbox 127 4115 202 4180; x_wconf 82' lang='lat' dir='ltr'>ferri</span> <span class='ocrx_word' id='word_1_255' title='bbox 222 4118 327 4200; x_wconf 78' lang='lat' dir='ltr'>possit.</span> <span class='ocrx_word' id='word_1_256' title='bbox 366 4116 445 4182; x_wconf 81' lang='lat' dir='ltr'>Mox</span> <span class='ocrx_word' id='word_1_257' title='bbox 468 4119 616 4205; x_wconf 75' lang='lat' dir='ltr'>cognovi,</span> <span class='ocrx_word' id='word_1_258' title='bbox 642 4113 772 4182; x_wconf 88' lang='lat' dir='ltr'>Cornuti</span> <span class='ocrx_word' id='word_1_259' title='bbox 793 4117 945 4202; x_wconf 81' lang='lat' dir='ltr'>integrum</span> <span class='ocrx_word' id='word_1_260' title='bbox 969 4128 1148 4182; x_wconf 81' lang='lat' dir='ltr'>commenta·</span> 
     </span>
     <span class='ocr_line' id='line_1_34' title="bbox 125 4216 1148 4305; baseline 0.002 -25"><span class='ocrx_word' id='word_1_261' title='bbox 125 4217 203 4281; x_wconf 91' lang='lat' dir='ltr'>rium</span> <span class='ocrx_word' id='word_1_262' title='bbox 224 4217 283 4280; x_wconf 87' lang='lat' dir='ltr'>iam</span> <span class='ocrx_word' id='word_1_263' title='bbox 306 4229 429 4283; x_wconf 75' lang='lat' dir='ltr'>exstare</span> <span class='ocrx_word' id='word_1_264' title='bbox 453 4220 531 4305; x_wconf 78' lang='lat' dir='ltr'>typis</span> <span class='ocrx_word' id='word_1_265' title='bbox 554 4239 745 4305; x_wconf 85' lang='lat' dir='ltr'>expressum.</span> <span class='ocrx_word' id='word_1_266' title='bbox 777 4216 812 4282; x_wconf 93' lang='lat' dir='ltr'>lu</span> <span class='ocrx_word' id='word_1_267' title='bbox 828 4220 933 4284; x_wconf 83' lang='lat' dir='ltr'>eudem</span> <span class='ocrx_word' id='word_1_268' title='bbox 950 4221 1031 4285; x_wconf 89' lang='lat' dir='ltr'>euim</span> <span class='ocrx_word' id='word_1_269' title='bbox 1045 4218 1148 4283; x_wconf 87' lang='lat' dir='ltr'>biblio</span> 
     </span>
     <span class='ocr_line' id='line_1_35' title="bbox 125 4319 1148 4408; baseline 0.002 -24"><span class='ocrx_word' id='word_1_270' title='bbox 125 4320 216 4385; x_wconf 91' lang='lat' dir='ltr'>theca</span> <span class='ocrx_word' id='word_1_271' title='bbox 238 4330 341 4384; x_wconf 77' lang='lat' dir='ltr'>exstat</span> <span class='ocrx_word' id='word_1_272' title='bbox 368 4319 506 4384; x_wconf 90' lang='lat' dir='ltr'>collectio</span> <span class='ocrx_word' id='word_1_273' title='bbox 534 4322 727 4407; x_wconf 84' lang='lat' dir='ltr'>epistolarum</span> <span class='ocrx_word' id='word_1_274' title='bbox 757 4320 1010 4408; x_wconf 83' lang='lat' dir='ltr'>autograpbarum</span> <span class='ocrx_word' id='word_1_275' title='bbox 1037 4341 1055 4384; x_wconf 88' lang='lat' dir='ltr'>a</span> <span class='ocrx_word' id='word_1_276' title='bbox 1078 4320 1148 4386; x_wconf 83' lang='lat' dir='ltr'>viria</span> 
     </span>
     <span class='ocr_line' id='line_1_36' title="bbox 125 4419 1148 4504; baseline 0.004 -20"><span class='ocrx_word' id='word_1_277' title='bbox 125 4420 302 4504; x_wconf 81' lang='lat' dir='ltr'>quibusdam</span> <span class='ocrx_word' id='word_1_278' title='bbox 318 4421 416 4487; x_wconf 80' lang='lat' dir='ltr'>bootis</span> <span class='ocrx_word' id='word_1_279' title='bbox 432 4420 469 4485; x_wconf 86' lang='lat' dir='ltr'>ad</span> <span class='ocrx_word' id='word_1_280' title='bbox 484 4419 645 4490; x_wconf 89' lang='lat' dir='ltr'>Petrum</span> <span class='ocrx_word' id='word_1_281' title='bbox 660 4444 783 4490; x_wconf 83' lang='lat' dir='ltr'>maxme</span> <span class='ocrx_word' id='word_1_282' title='bbox 799 4420 1009 4491; x_wconf 85' lang='lat' dir='ltr'>Danielem</span> <span class='ocrx_word' id='word_1_283' title='bbox 1024 4423 1148 4499; x_wconf 72' lang='lat' dir='ltr'>scrioto-</span> 
     </span>
    </p>
   </div>
   <div class='ocr_carea' id='block_1_4' title="bbox 0 0 1292 5054">
    <p class='ocr_par' dir='ltr' id='par_1_4' title="bbox 0 0 1292 5054">
     <span class='ocr_line' id='line_1_37' title="bbox 0 0 1292 5054; baseline 0 0"><span class='ocrx_word' id='word_1_284' title='bbox 0 0 1292 5054; x_wconf 95' lang='lat' dir='ltr'> </span> 
     </span>
    </p>
   </div>
  </div>
 </body>
</html>
