2574 5054
194 717 258 784 212
559 716 645 780 SAT.
667 718 718 793 111,
742 722 845 783 1-3.

194 890 325 970 sapienti
331 890 484 968 psalleret
499 908 562 948 ore.
585 886 628 948 Ad
644 891 706 949 eius
720 899 852 969 poemata
867 888 985 967 respicit
1000 888 1084 947 etiam
1101 884 1222 946 Persius

196 996 252 1037 vss.
269 996 347 1055 sqq.,
363 993 460 1033 verum
476 974 674 1044 tamobseure,
696 986 823 1055 utpeuca
834 972 940 1033 indeed
949 974 1157 1034 accuratiorem
1167 993 1221 1032 eo·

196 1083 256 1122 rum
272 1059 463 1138 coguitionem
479 1061 629 1133 lucremur,
645 1080 699 1140 qua
714 1058 1011 1138 opuspotiusioretad
1021 1058 1112 1119 Persii
1130 1058 1221 1117 verba

197 1158 277 1207 recte
293 1145 487 1223 intelligenda.
509 1144 629 1204 Pulchre
646 1147 714 1205 dicit
728 1148 825 1205 viuere
850 1147 946 1222 iprum
966 1154 998 1202 et
1010 1145 1140 1203 chordae
1154 1145 1221 1202 eius

195 1234 331 1311 pectine,
354 1250 426 1309 quae
450 1232 529 1310 qnasi
553 1240 680 1290 mortuae
703 1251 719 1290 1
739 1241 825 1310 poeta
840 1229 949 1288 domum
963 1231 1050 1289 vitam
1065 1230 1221 1308 accipiunt.

199 1318 306 1377 Pecten
328 1327 413 1375 vocat
433 1317 567 1375 tetricum
590 1314 626 1375 ad
649 1317 732 1375 Bassi
754 1318 895 1395 ingenium
918 1334 1048 1375 severum
1070 1324 1101 1373 et
1128 1332 1221 1392 grave

198 1399 427 1481 significandum,
452 1420 544 1481 neque
568 1403 629 1460 sine
651 1402 789 1480 peculiari
804 1403 913 1460 ratione
936 1400 963 1458 la.
978 1420 1005 1458 v.
1022 1400 1126 1470 utitur,
1154 1418 1221 1457 nam

198 1487 330 1547 Tetricus
352 1505 432 1545 nrons
455 1488 481 1544 in
505 1484 616 1545 Sabinis
638 1497 701 1546 erat
717 1487 809 1564 (Virg.
828 1487 901 1545 Aen.
917 1485 978 1557 Vll,
995 1488 1056 1548 713
1073 1485 1114 1544 ib.
1134 1483 1220 1543 Serv.

200 1573 250 1632 Sil.
267 1572 329 1631 ltal.
342 1571 510 1642 vultur),
526 1570 645 1650 indeque
661 1573 755 1631 tetrici
770 1570 937 1631 dicebantur
951 1573 1047 1629 tristes
1063 1589 1097 1628 ac
1113 1571 1221 1639 severi,

199 1678 269 1737 prae
285 1658 391 1716 ceteris
408 1669 500 1715 autem
516 1654 551 1716 de
568 1659 635 1736 ipsis
652 1655 766 1716 Sabinis
782 1667 942 1734 usurpatur,
958 1657 996 1715 of.
1012 1654 1077 1714 lm.
1087 1654 1110 1725 1,
1120 1659 1219 1724 lem:

199 1742 346 1820 disciplina
362 1745 464 1801 tetrica
480 1762 514 1800 ac
530 1741 602 1801 tristi
619 1754 745 1802 veterum
762 1740 937 1801 Sabinorum.
960 1738 1039 1800 oud
1057 1760 1110 1799 am.
1125 1740 1173 1800 lll.
1189 1743 1221 1807 8,

201 1833 251 1893 61.
267 1827 351 1886 biart.
369 1828 390 1898 l,
408 1830 458 1896 63,
472 1833 503 1890 2.
532 1825 628 1886 Simile
645 1826 710 1907 quid
726 1826 887 1906 praedicat,
909 1827 957 1886 ubi
977 1846 1040 1885 cum
1062 1827 1137 1884 mire
1157 1829 1221 1902 opi-

190 1915 281 1992 ficem
307 1923 391 1971 vocat
403 1913 480 1991 fidis
503 1915 631 1972 Latonae
650 1932 760 1972 rnorem
783 1914 937 1991 strepitum
954 1911 1034 1983 (llor.
1059 1930 1086 1970 a.
1107 1930 1138 1988 p.
1155 1912 1220 1971 102

130 2016 132 2023 ⁴
202 2018 295 2058 mares
320 1999 440 2069 animos)
466 2000 625 2056 rintcndr'sse
648 1998 731 2078 (prol.
749 2003 798 2061 11.
814 1997 916 2069 1,12),
938 1996 1106 2056 carminibus
1121 1996 1221 2074 lyricis

202 2082 367 2163 pangendis,
383 2102 455 2163 quae
471 2085 623 2142 masculum
639 2094 669 2142 ct
684 2085 759 2143 forte
776 2102 903 2162 vereque
911 2081 1062 2140 Romanum
1076 2082 1221 2159 ingenium

201 2168 332 2250 prodant.
370 2171 532 2248 Strepitum
554 2170 706 2227 intendere
727 2167 830 2228 dictum
851 2178 897 2227 est
919 2168 1046 2226 similiter
1068 2185 1101 2225 ec
1123 2184 1221 2225 vocem

202 2255 354 2313 obtendere
370 2273 461 2312 cornu
479 2273 601 2312 recurvo
617 2252 711 2332 (Virg.
727 2253 801 2313 Aen.
820 2253 881 2324 Vll,
896 2257 958 2316 513
973 2273 1016 2334 sq.
1039 2251 1078 2311 ci.
1093 2250 1160 2311 Vel.
1177 2250 1221 2309 Fl.

201 2339 276 2410 Vlll,
291 2343 382 2410 382),
408 2340 447 2397 ei.
463 2342 547 2398 etiam
562 2338 642 2417 Virg.
659 2340 731 2398 Aen.
747 2339 890 2411 1X,7762
913 2356 1105 2415 nurneresqec
1126 2337 1222 2395 mnen-

202 2426 272 2484 dere
286 2426 395 2482 neruis
418 2424 567 2483 Difficilius
584 2421 730 2484 intellectu
745 2436 799 2495 est,
814 2422 879 2503 quid
895 2424 1035 2503 significet
1050 2419 1152 2502 opifex
1165 2441 1223 2480 nra·

202 2514 291 2569 meris
314 2519 444 2568 ueterum
460 2511 626 2589 prtinordia
648 2530 747 2569 vocum
769 2510 948 2580 emendasse,
972 2509 1033 2567 sive
1057 2505 1131 2588 quod
1146 2504 1224 2566 alind

202 2594 318 2655 verbum
338 2615 376 2653 cx
395 2595 449 2654 hoc
472 2592 667 2654 assumendum
691 2607 745 2655 est.
767 2595 937 2654 Primordio
956 2613 1055 2653 vocum
1075 2590 1149 2670 apud
1164 2591 1223 2650 Lu·

203 2682 320 2741 cretium
352 2679 413 2753 (lV,
434 2684 507 2751 532)
538 2680 679 2739 elemento
701 2691 781 2749 sunt,
815 2679 953 2759 equibus
975 2698 1063 2738 voces
1090 2687 1225 2736 constant

204 2767 255 2838 (cl.
272 2764 378 2824 Colum.
396 2765 443 2835 111,
460 2769 515 2826 1οε
553 2776 605 2836 ,,1ῑ
635 2799 674 2810 -
698 2766 813 2844 spiritus
840 2765 981 2824 elementa
1008 2783 1069 2824 cum
1095 2764 1224 2822 terrenis

202 2849 363 2932 primordiis
385 2853 572 2920 misceret“),
601 2852 694 2929 itaque
711 2852 755 2910 laic
771 2851 862 2929 possit
876 2850 996 2928 intelligi
1011 2849 1147 2920 scientia,
1167 2868 1224 2928 qua

203 2940 325 2996 numeris
354 2936 507 2994 artificiose
530 2937 692 3015 compositis
721 2946 870 3007 veterum,
901 2937 1091 3015 antiquarum,
1121 2953 1224 2992 vocum

199 3022 366 3103 primordia
379 3022 516 3091 obtendit,
532 3022 571 3080 ita
586 3020 720 3092 adhibuit,
744 3032 774 3079 ut
789 3041 851 3079 cum
867 3022 893 3079 vi
909 3030 938 3079 et
952 3023 1051 3098 rigore
1068 3015 1225 3078 funderen-

204 3119 258 3166 tur.
283 3104 443 3184 Simplicius
458 3116 551 3163 111111
574 3104 686 3165 videtur
706 3103 741 3166 de
763 3105 834 3164 libro
856 3105 1000 3183 cogitare,
1025 3105 1071 3185 qui
1093 3115 1225 3163 veterum

204 3212 302 3251 vocum
318 3193 442 3269 origines
460 3192 593 3263 numeris,
609 3191 739 3250 versibus
755 3190 918 3269 complexus
934 3192 980 3250 sit.
997 3190 1077 3249 Talia
1092 3189 1225 3249 versibus

203 3288 327 3336 tractare
343 3297 398 3334 uon
414 3274 563 3335 absurdum
578 3274 726 3335 videbatur
741 3277 879 3355 antiquis,
903 3286 934 3334 ut
948 3276 993 3335 vel
1008 3275 1109 3334 Lucilii
1125 3294 1226 3335 exem·

204 3363 278 3441 plum
295 3362 413 3441 probat,
435 3362 481 3440 qui
498 3363 646 3419 satirarum
663 3361 734 3420 libro
751 3382 840 3433 nono,
864 3362 943 3420 euius
958 3362 1117 3440 fragmenta
1134 3378 1226 3439 nuper

204 3447 320 3525 collegit
337 3445 507 3506 Schmidtius
524 3446 630 3519 (Ber-ol.
655 3467 684 3506 a.
704 3450 816 3518 1810),
832 3447 1060 3524 orthographiam
1080 3446 1225 3517 tractarit,

203 3544 363 3613 poetaeque
386 3532 532 3610 anonymi,
556 3534 601 3611 qui
624 3531 752 3590 versibus
774 3532 897 3591 heroicis
917 3530 951 3591 de
974 3532 1071 3610 liguris
1087 3532 1225 3589 orationis

204 3616 843 3780 &tirelllttillils‘lltlltll
858 3613 1224 3762 lltliltlttltt‘*

205 3787 257 3846 diis
280 3787 375 3846 Cassii
398 3722 553 3845 Bassiqtale
570 3807 658 3865 opus,
680 3788 705 3845 si
719 3785 828 3867 quidem
845 3723 993 3857 idemqest,
1016 3787 1062 3866 qui
1076 3783 1113 3845 de
1126 3785 1226 3845 metris

205 3874 328 3949 scripsit
357 3871 485 3931 Affertur
506 3873 580 3931 euim
601 3892 618 3930 a
637 3872 760 3932 Maximo
780 3872 925 3931 Victorino
947 3869 996 3948 (de
1010 3891 1096 3931 earm.
1112 3871 1180 3931 bex.
1193 3891 1224 3949 p.

208 3962 289 4020 1957
305 3957 349 4030 Ρ.)
372 3958 533 4016 Caesius
564 3957 722 4028 llassus,
750 3959 793 4016 vir
808 3956 907 4015 doctus
923 3968 1008 4036 atque
1032 3954 1177 4025 eruditus,
1198 3957 1227 4013 in

205 4043 277 4101 libro
301 4041 336 4101 de
358 4043 472 4109 metris,
494 4061 580 4121 equo
601 4040 737 4121 quaedam
754 4062 786 4101 se
802 4044 937 4102 sumsisse
954 4043 1030 4101 bisce
1046 4062 1104 4100 vss.
1121 4039 1229 4100 indicat

206 4127 395 4187 Terentianus
410 4127 525 4185 blaurus
543 4131 638 4200 (2358
651 4148 693 4207 sq.
709 4149 737 4206 p.
754 4132 838 4190 2135
853 4127 897 4200 P.)
911 4152 919 4188 ι
943 4127 1100 4205 „Exempla
1115 4146 1228 4204 ponam,

206 4231 279 4293 quac
303 4212 414 4270 locasse
430 4212 558 4271 Caesium
575 4212 661 4271 Libro
677 4213 782 4284 notavi,
799 4232 879 4293 quem
895 4210 972 4272 dedit
987 4215 1083 4272 metris
1100 4218 1228 4292 super;“

207 4309 238 4356 et
257 4296 319 4355 aliis
342 4316 453 4376 quoque
477 4299 504 4355 in
526 4297 611 4355 rebus
636 4308 779 4357 auctorem
803 4300 830 4358 ei
854 4299 944 4358 foisse
960 4297 1091 4358 Caesium
1107 4296 1228 4357 Bassum

206 4381 409 4442 demonstrarit
423 4380 619 4442 Lachmnnous
637 4381 685 4458 (ad
698 4383 768 4444 Ter.
784 4383 876 4443 Maur.
890 4404 919 4464 p.
934 4382 1002 4445 XVl
1016 4403 1060 4463 sq.
1077 4383 1117 4443 cf.
1125 4381 1229 4462 Haupt.
