2574 5054
433 706 800 772 PROLEGOHENA.
1046 731 1127 776 ccxv

100 874 255 955 tulerunt,
277 885 313 941 nt
326 897 344 941 a
358 873 468 942 Persio
483 876 627 962 scriptum
642 877 737 942 luisse
752 876 794 940 ibi
816 877 969 961 legerant.
1007 878 1127 945 Eodem

99 979 191 1044 nodo
205 976 417 1062 explicandum
439 999 574 1057 censeo,
598 980 676 1062 quod
699 979 934 1065 mytbograpbus
958 976 1126 1053 Vaticanus

101 1077 176 1163 (ΙΙΙ,
195 1079 248 1160 12,
265 1079 302 1166 2)
323 1102 431 1147 versus
453 1103 473 1146 a
494 1078 602 1144 Persio
626 1082 764 1146 laudatos
787 1079 828 1162 (l,
845 1080 887 1147 99
902 1074 985 1166 sqq.)
1007 1086 1039 1138 ul
1059 1072 1126 1138 Ne·

99 1184 185 1249 rouis
200 1183 314 1249 laudat.
349 1181 440 1265 Quod
461 1194 561 1247 antem
578 1182 753 1266 quibusdam
769 1183 845 1247 locis
860 1184 1047 1266 grammatici
1063 1206 1126 1250 me·

100 1287 199 1350 moria
219 1287 288 1351 lalsi
311 1306 349 1349 ea
369 1285 553 1362 attulerunt,
578 1306 654 1368 quae
678 1306 736 1350 uec
758 1284 815 1368 ipsi
837 1286 868 1348 iu
892 1286 1039 1372 exemplis
1062 1288 1126 1354 suis

102 1385 208 1472 legere
230 1398 395 1472 potueruut
416 1388 472 1466 (ol.
495 1382 581 1465 adl,
604 1385 658 1452 99.
683 1382 725 1466 ΙΙ,
750 1382 803 1452 52.
827 1384 870 1465 V,
893 1384 947 1450 68.
975 1384 1031 1464 Vl,
1052 1386 1124 1471 73),

101 1508 191 1553 nemo
207 1489 383 1568 mirabitur,
406 1489 456 1577 qni
479 1487 741 1568 consideraverit,
766 1498 838 1572 quot
859 1487 934 1552 locis
949 1487 1055 1554 similis
1071 1510 1126 1555 ne·

101 1590 246 1675 gligentia
262 1590 320 1654 iam
337 1590 502 1655 observata
517 1590 567 1653 sit.

187 1707 280 1773 Hisce
304 1709 351 1774 rei
373 1709 496 1773 criticae
519 1707 660 1773 subsidiis
683 1707 813 1790 denique
829 1707 946 1771 adddidi
961 1706 1033 1773 VV.
1050 1708 1123 1776 ΙΙΙ).

101 1809 306 1874 coniecturas.
339 1808 526 1894 Quamquam
550 1811 631 1875 enim
653 1807 782 1886 Persio,
806 1809 831 1873 si
854 1831 921 1872 cum
942 1811 1042 1875 multis
1057 1812 1125 1877 eliis

99 1910 300 1995 scriptoribus
315 1931 490 1995 compares,
514 1922 715 1996 pepercerunt
730 1911 936 1995 grammatici,
960 1911 1038 1976 band
1052 1933 1125 1999 pau·

101 2010 145 2076 sis
160 2022 261 2076 umen
277 2013 461 2078 coniecturis
477 2034 542 2077 cum
559 2013 713 2092 editores,
737 2021 800 2077 tum
815 2011 866 2076 alii
880 2007 952 2079 VV.
970 2011 1038 2078 ΙΙΙ).
1055 2036 1123 2081 eum

99 2123 271 2178 tentarunt.
303 2112 366 2178 llas
387 2114 498 2197 igitur,
523 2113 620 2198 quoad
639 2114 706 2178 lieri
726 2115 841 2198 potuit,
866 2115 974 2201 collegi
995 2127 1027 2180 et
1040 2137 1124 2182 com-

98 2216 285 2295 memoravi,
310 2216 444 2300 mmsis
468 2216 653 2298 intelligam,
676 2214 769 2279 multa
791 2213 878 2279 buius
893 2217 1015 2299 generis
1031 2238 1124 2283 oona·

98 2315 180 2381 mina
195 2338 244 2383 me
259 2317 339 2383 haud
355 2318 443 2382 dubie
459 2319 573 2402 fugisse
595 2336 649 2401 per
670 2317 749 2381 latos
765 2327 936 2381 nostrarum
953 2318 1122 2385 litterarum

99 2439 221 2502 campos
243 2429 333 2504 atque
356 2420 475 2484 dumeta
499 2421 646 2503 dispersa.
677 2416 756 2500 Quid
772 2420 850 2501 quod
866 2419 980 2483 infelici
996 2421 1124 2503 quodam

98 2541 172 2584 casu
194 2520 414 2585 subtraxerunt
442 2543 475 2586 se
504 2521 575 2584 mibi
602 2531 777 2605 apparatum
806 2520 943 2583 criticum
974 2522 1124 2604 digerenti

98 2622 246 2703 quaedam
270 2622 379 2686 dudum
402 2633 523 2699 notata,
548 2642 625 2706 quae
652 2623 683 2686 in
705 2621 853 2686 addendis
874 2622 1066 2703 memoravi,
1083 2644 1122 2688 ne

99 2723 167 2805 quid
185 2724 294 2788 deesse
310 2723 477 2788 videretur.
500 2722 581 2788 Nam
601 2743 668 2787 mea
683 2723 801 2806 quidem
817 2724 969 2788 sententia
985 2723 1123 2789 omnibus

98 2843 207 2889 carere
229 2845 403 2908 possumus,
428 2837 459 2890 et
482 2845 591 2910 magua
613 2845 682 2909 pars
704 2845 743 2888 ue
757 2825 800 2888 ita
816 2826 935 2907 quidem
951 2836 1123 2910 comparata

99 2934 163 3004 est,
188 2937 222 2990 ut
243 2947 365 2990 sensum
386 2937 477 2991 acuat
499 2937 531 2990 et
547 2926 626 3002 alat,
650 2946 754 2990 verum
771 2927 853 2989 nolui
869 2948 933 2990 rem
950 2928 1121 3011 negligere,

98 3026 130 3089 in
160 3047 219 3110 qua
247 3049 332 3092 more
362 3029 507 3093 tralatitio
536 3027 736 3112 philologicos
766 3027 940 3112 diligentiae
973 3028 1123 3112 quendam

98 3128 288 3210 splendorem
305 3128 401 3193 dicam
416 3148 454 3192 an
470 3129 639 3213 rubiginem
655 3127 740 3194 multi
755 3129 924 3212 requirunt.

183 3244 359 3311 Editionum
382 3247 483 3311 varias
505 3247 653 3312 lectiones
673 3247 796 3310 omnino
813 3268 874 3311 nou
890 3247 1003 3311 addidi.
1033 3248 1123 3312 Auti-

99 3346 165 3431 quis
181 3348 261 3412 euim
277 3348 459 3415 editionibus
475 3348 514 3411 ibi
539 3359 654 3412 tantum
675 3349 802 3432 pretium
824 3349 1014 3413 statuendum
1036 3349 1123 3415 vide·

98 3461 167 3528 tur,
192 3449 243 3513 ubi
264 3451 315 3515 sel
337 3451 459 3514 omuino
481 3451 569 3535 pauci
592 3448 680 3513 codd.
705 3460 884 3534 supersunt,
906 3451 957 3514 vel
974 3473 1016 3515 ex
1030 3450 1120 3515 codd.

99 3551 208 3615 ducme
224 3561 295 3615 sunt
310 3552 479 3629 editiones,
500 3551 549 3634 qui
565 3563 670 3637 postea
685 3550 832 3635 deperditi
848 3562 929 3615 suut.
954 3547 1121 3636 Utrumque

97 3652 130 3715 iu
153 3649 262 3717 Persio
285 3654 383 3718 locum
405 3675 467 3717 non
494 3651 604 3729 babet,
635 3664 668 3717 ut
696 3654 835 3737 exemplo
865 3652 993 3736 quodam
1022 3652 1123 3716 docuit

98 3751 358 3835 Hautbslius,
376 3755 425 3838 qui
441 3775 508 3819 cum
525 3755 625 3819 varias
640 3754 788 3819 lectiones
804 3754 841 3817 ad
857 3753 981 3817 satiram
995 3754 1121 3839 primam

100 3854 238 3919 cxxx
265 3857 448 3922 editionibus
479 3878 563 3920 saec.
594 3852 659 3920 XV
687 3856 763 3920 mira
792 3854 949 3940 diligentia
977 3855 1121 3920 collectas

99 3957 264 4037 edidisset,
286 3958 407 4042 planum
428 3955 521 4037 iecit,
544 3956 618 4021 nibil
640 3957 672 4021 in
694 3957 777 4021 bisce
793 3957 941 4041 reperiri,
965 3954 1043 4039 quod
1058 3976 1121 4020 nou

99 4081 117 4125 e
133 4060 222 4124 codd.
246 4059 349 4122 afferri
371 4070 485 4144 posset.
519 4056 655 4143 Quorum
678 4080 744 4122 cum
759 4059 834 4138 ,satis
849 4059 933 4141 larga
950 4058 1036 4142 copia
1050 4078 1121 4143 sup·

99 4172 234 4247 peteret,
252 4161 416 4225 editionum
432 4181 534 4224 curam
550 4159 649 4224 omisi.
673 4159 747 4224 Non
764 4181 820 4246 ego
836 4161 1031 4242 negaverim,
1048 4158 1121 4223 utile

99 4284 168 4328 esse
195 4274 226 4326 et
250 4262 433 4341 iucundum,
463 4262 565 4342 scire,
596 4283 684 4346 quam
713 4283 829 4345 quoque
859 4260 926 4327 loco
956 4261 1120 4327 lectionem

99 4365 296 4448 praetulerint
324 4364 383 4429 viri
413 4365 551 4431 doctriua
581 4376 612 4428 et
640 4365 762 4447 iugenio
799 4365 891 4441 clari,
928 4385 1034 4430 vorum
1063 4362 1120 4428 boo
