2574 5054
182 788 268 832 00000
509 763 872 828 PROLEGOMENA.

183 936 242 1000 ties
257 932 425 999 Bentleiua.
455 931 569 1000 Variae
584 933 732 999 lectiones
747 933 847 999 editae
861 944 933 998 eunt
951 929 1079 998 Classio.
1096 930 1203 998 Iouru.

182 1030 230 1101 lv
245 1057 275 1120 p·
292 1033 356 1100 353
370 1055 417 1118 aq.
441 1034 481 1099 01.
498 1057 528 1120 p.
547 1034 621 1100 129.

136 1170 164 1228 d·
266 1162 380 1235 Variae
394 1169 544 1235 lectiones
559 1169 720 1254 adscripsit
732 1166 772 1238 P.
786 1167 925 1236 Daniel
941 1170 1082 1255 exemplo
1098 1171 1206 1235 editio·

182 1271 230 1337 uta
250 1263 509 1357 Foqucliniauee,
537 1271 575 1336 ab
596 1281 720 1336 auctore
743 1273 886 1336 secundis
902 1274 983 1337 curis
998 1273 1158 1336 emendato
1176 1284 1208 1338 et

180 1373 386 1457 locupletato,
410 1374 488 1457 quod
503 1374 534 1437 in
549 1373 732 1438 bibliotheca
747 1371 970 1454 1100000116.
988 1372 1044 1460 37)
1065 1386 1207 1439 servatur

182 1476 240 1560 (ci.
266 1472 364 1540 Orcll.
389 1475 447 1540 001.
472 1497 502 1560 p,
527 1472 601 1538 192.
627 1473 741 1539 Hautb.
764 1475 802 1539 ad
826 1474 915 1543 Pera.
932 1486 991 1542 sat.
1008 1474 1023 1538 1
1039 1497 1070 1562 p.
1087 1474 1162 1560 23),
1188 1497 1206 1540 0

183 1575 289 1662 quibus
305 1577 447 1661 quasdam
463 1587 623 1662 excerptae
638 1576 706 1641 dedi
724 1574 788 1661 (d).

142 1735 166 1772 a.
270 1709 348 1776 cot.
378 1711 556 1777 Edneriani
580 1711 629 1796 (a)
663 1710 885 1776 membranacei
919 1712 1024 1778 variae
1060 1715 1206 1799 quaedam

181 1814 331 1880 lectiones
359 1814 457 1878 editae
482 1823 553 1877 sunt
574 1812 607 1876 iu
630 1813 765 1878 editione
786 1812 907 1891 Persii,
939 1834 1026 1897 quam
1055 1837 1073 1879 a
1103 1814 1142 1878 G.
1167 1814 1204 1878 F.

184 1911 354 1980 Sebaldo
370 1926 504 1979 00001000
525 1911 552 1978 l.
568 1912 616 1978 Μ.
635 1912 861 1980 Scbmidius
881 1913 1106 1998 Noritnbergae
1123 1914 1206 1980 1765

182 2016 247 2082 aeri
262 2016 383 2094 inuisit,
407 2017 522 2080 011010
538 2017 703 2081 translatae
724 2017 756 2080 in
778 2015 941 2080 editionem
963 2015 1206 2102 Norimbergen·

180 2115 390 2184 00001893.
415 2114 515 2183 Valde
525 2118 697 2195 dolendum,
712 2117 878 2182 buiuscod.
892 2138 953 2182 non
965 2129 1205 2184 cnstarcomnes

180 2240 235 2290 vr.
252 2221 306 2299 11.,
337 2219 496 2284 admodum
522 2220 602 2283 enim
623 2218 824 2284 memorabilis
846 2231 910 2300 est,
945 2231 978 2284 et
999 2231 1140 2303 quantum
1164 2242 1207 2284 ex

180 2321 285 2406 paucis
299 2320 478 2387 lectionibus
494 2320 621 2405 intelligi
637 2333 755 2406 potest,
779 2322 919 2406 proxime
941 2322 1058 2386 accedit
1078 2322 1116 2385 ad
1133 2321 1203 2406 Mp.

182 2433 215 2487 ct
230 2422 319 2487 Rom.
345 2418 391 2486 lta
407 2423 484 2507 prol.
503 2420 544 2486 14
559 2423 650 2487 habet
664 2434 785 2487 nectar.
816 2421 987 2491 Praeterea
1009 2425 1048 2497 01.
1074 2423 1110 2485 01
1127 2426 1203 2506 prul.

180 2520 214 2587 9.
233 2522 285 2587 12.
310 2520 338 2603 Ι,
355 2521 408 2586 14.
427 2520 478 2586 18.
501 2520 686 2602 101011.
712 2521 842 2604 111,12.
861 2522 913 2588 13.
932 2523 984 2588 14.
1008 2522 1065 2603 lv,
1082 2522 1136 2587 35.
1163 2525 1205 2603 V,

181 2623 237 2690 84.
256 2622 330 2704 145.
347 2622 404 2703 Vl,
421 2623 474 2690 46.

132 2787 165 2825 π.
270 2756 348 2823 (101.
365 2759 506 2836 Pitheci,
528 2782 616 2844 quem
630 2761 695 2845 ipae
711 2757 740 2823 b
756 2759 885 2825 notavit.
909 2759 967 2824 llic
983 2760 1205 2825 memorabilem

181 2860 286 2926 babuit
299 2861 528 2947 inscriptionem
538 2859 861 2928 THEBAlDORVM
870 2861 1001 2928 Pensa
1009 2859 1203 2939 SATYRA,

181 2982 241 3051 qua
256 2962 325 3046 quid
339 2963 545 3048 significetur,
562 2983 619 3027 nec
633 2960 781 3029 Pithoeus
795 2965 966 3042 intellexit,
983 2984 1041 3028 nco
1055 2985 1112 3049 ego
1129 2964 1205 3027 divi·

181 3083 258 3128 nare
272 3065 367 3149 potui.
398 3062 462 3129 lam
484 3067 516 3130 in
531 3067 671 3152 catalogo
686 3066 775 3130 codd.
793 3088 867 3130 mss.
884 3065 1084 3130 bibliothecae
1100 3085 1205 3128 mona·

180 3167 269 3233 nterii
285 3165 513 3250 sangallensis,
535 3187 623 3251 quem
637 3187 668 3230 0.
686 3164 953 3233 1759110111οε
968 3167 1112 3244 00010011,
1129 3164 1204 3228 baec

180 3269 330 3354 leguntur
344 3266 375 3332 ll
389 3291 420 3355 p.
438 3266 519 3335 3980

265 3385 361 3452 Iidem
381 3386 451 3452 libri
472 3383 625 3452 quenalis
647 3387 809 3451 00000110
826 3388 921 3453 lermc
936 3387 1090 3472 perpetuis
1105 3385 1137 3449 in
1153 3407 1204 3450 co-

267 3487 334 3554 dice
356 3487 384 3553 Ι)
406 3510 438 3552 0.
463 3486 528 3552 304
548 3488 756 3573 antiquissimo
783 3499 815 3552 et
843 3489 1071 3554 membranaceo
1100 3488 1204 3553 seculo

266 3591 357 3654 etiam
375 3587 443 3652 ΚΜ
458 3589 581 3654 circiter
595 3601 744 3670 uxorema

183 3701 215 3756 et
228 3712 258 3778 p.
274 3688 358 3757 430:

265 3791 336 3858 Dn.
347 3790 410 3858 394
422 3790 525 3859 Persii
540 3790 643 3858 Flacci
657 3791 731 3856 Auli
747 3786 878 3878 Satyrae
895 3789 1121 3857 Thebaidorum
1136 3811 1204 3855 cum

265 3896 385 3981 optimis
408 3896 488 3960 uotis
514 3893 729 3980 marginalibus
754 3904 786 3957 et
813 3893 1060 3959 interlinearibua
1089 3894 1120 3956 10
1150 3894 1204 3957 410

264 3996 392 4061 membr.
409 3997 504 4062 seculi
519 3995 641 4060 circiter
655 3994 775 4058 decimi.

180 4109 240 4176 llio
253 4114 354 4178 codex
368 4113 446 4177 sicut
460 4134 540 4178 nuuc
555 4114 587 4178 in
604 4113 783 4177 bibliotheca
801 4108 993 4197 Sangallensi
1011 4133 1072 4175 non
1088 4123 1202 4189 exstat,

180 4213 223 4278 ita
238 4235 278 4279 ue
294 4224 355 4277 tum
371 4215 490 4297 quidem
505 4225 659 4298 superstes
674 4214 768 4278 luisse
783 4214 933 4298 00100100
949 4214 1026 4289 erit,
1047 4234 1112 4275 uum
1128 4208 1204 4275 liol-

179 4313 248 4380 bius
272 4313 439 4400 catalogum
460 4316 679 4380 conscriberet.
709 4313 792 4378 Nam
814 4336 869 4379 000
891 4315 1090 4379 bibliothecae
1113 4313 1203 4377 abeo

180 4415 251 4482 inde
267 4428 403 4502 tempore
417 4416 554 4482 rationes
570 4419 709 4496 luerunt,
732 4426 766 4481 ut
786 4417 860 4481 nihil
881 4417 953 4482 inde
969 4417 1083 4481 auferri
1099 4428 1204 4500 potue-
