2574 5054
176 743 298 791 cxxxrr
498 717 865 784 Pnobccottuttt.

176 893 267 959 codol.
294 887 445 957 Suetonio
466 888 626 970 tribuitur,
651 890 763 957 necin
785 889 848 955 ullo
870 882 1013 954 Suetonii
1028 885 1132 953 codice
1147 907 1199 952 re-

175 995 312 1083 peritur,
333 990 389 1059 sed
408 991 442 1056 in
461 989 562 1058 Persii
579 1001 707 1057 tuntum.
739 991 839 1077 Atque
854 990 887 1055 in
901 989 1032 1075 antiquis
1046 988 1131 1054 libris
1147 989 1199 1055 bic

177 1096 207 1163 ei
229 1096 332 1161 titulus
353 1094 506 1180 preetixns
528 1103 595 1159 ests
632 1091 724 1158 Visa
749 1093 792 1157 A.
821 1091 956 1158 Persii
983 1089 1122 1157 Flacci
1150 1091 1197 1156 dc

177 1195 458 1266 commentario
487 1193 607 1260 Probi
637 1190 795 1261 Valerii
827 1194 1004 1274 sublata,
1039 1214 1099 1277 quo
1129 1213 1199 1278 pcr-

175 1310 346 1388 opportune
368 1297 532 1362 edocemur
559 1316 629 1362 csse
657 1317 724 1362 enm
753 1296 791 1362 sb
820 1296 881 1361 alio
903 1297 1086 1380 prolectam,
1109 1315 1198 1378 quum

176 1402 227 1488 qni
248 1399 498 1467 commentarium
520 1397 610 1463 bodio
631 1399 823 1483 superstitem
846 1396 1037 1482 perscripsit,
1062 1395 1144 1459 etcb
1161 1415 1198 1460 eo

176 1502 393 1592 grammatico,
416 1521 504 1585 quens
523 1500 599 1566 baec
621 1499 701 1566 scire
723 1511 754 1565 ct
781 1500 904 1565 tradere
926 1497 1060 1585 potuisse
1083 1508 1198 1563 certum

176 1617 234 1673 cst.
259 1603 340 1670 Nsm
356 1603 392 1667 dc
409 1603 470 1667 ritu
483 1598 586 1668 Persii
607 1621 684 1686 quac
706 1601 816 1667 trudita
838 1601 965 1686 legimus
987 1621 1049 1664 non
1064 1599 1200 1686 potuisse

175 1705 267 1773 scribi
290 1705 350 1770 uisi
371 1724 388 1766 a
413 1704 480 1769 viro
502 1704 592 1768 docto
614 1714 646 1769 et
667 1692 784 1790 egregii
803 1703 906 1769 iudicii
928 1722 1026 1787 coque
1048 1723 1066 1766 a
1088 1712 1198 1788 poetae

179 1817 280 1873 aetate
304 1806 384 1871 bsnd
408 1806 452 1871 its
480 1806 572 1892 longe
601 1816 741 1887 remoto,
771 1827 813 1873 ex
841 1805 899 1886 iis,
930 1824 1007 1888 quac
1036 1802 1199 1891 disputavi,

175 1929 322 1994 apparere
343 1927 447 1992 spero.

262 2005 361 2090 Quum
385 2006 515 2073 obscura
535 2018 566 2073 ct
581 2008 707 2074 difficilis
722 2008 859 2093 qnucstio
873 2007 914 2074 sit
928 2009 966 2074 de
982 2006 1197 2092 grammaticis,

176 2109 225 2196 qui
247 2107 370 2174 Probi
393 2107 516 2173 nominc
532 2109 579 2174 usi
594 2120 683 2190 sunt,
707 2109 857 2174 nerninem
874 2109 963 2195 fugit.
996 2105 1040 2175 Ut
1053 2107 1102 2173 bic
1118 2109 1201 2173 ccle-

175 2211 341 2278 berriruum
356 2211 582 2296 grammaticum
597 2208 644 2276 M.
669 2207 872 2279 Valerium
893 2209 1057 2276 Probum
1078 2207 1200 2297 Bery-

176 2313 271 2380 tium
286 2312 502 2398 intelligamus,
519 2314 627 2378 suadet
641 2336 712 2400 cum
725 2313 867 2400 temporis
882 2313 973 2390 rstio,
990 2323 1053 2378 tum
1066 2312 1200 2377 additum

175 2409 331 2480 Valerii
353 2435 477 2480 nomen.
507 2411 555 2481 De
576 2436 634 2499 quo
651 2437 717 2481 cnm
732 2416 793 2482 inm
808 2415 981 2483 accuratius
994 2413 1200 2499 quaerendum

175 2515 217 2582 sit
231 2525 262 2597 ¹,
299 2524 367 2602 post
397 2513 516 2583 0senni
546 2517 665 2583 doctum
695 2529 728 2584 ct
755 2517 938 2583 laboriosum
967 2515 1200 2601 disputationem

176 2613 338 2702 (lieitrtige
354 2638 410 2682 znr
424 2616 548 2684 Griccb.
571 2605 605 2684 u.
627 2617 717 2685 Ilo'm.
743 2617 1021 2704 Littcrcturpescb.
1044 2613 1075 2680 ll
1089 2639 1120 2702 p.
1138 2613 1201 2681 166

176 2720 257 2803 sqq.)
282 2719 374 2783 missu
397 2719 456 2783 ism
480 2722 581 2786 lucore
602 2741 760 2806 possumus
776 2742 870 2808 opero
884 2721 1100 2806 grammatica,
1124 2738 1201 2803 quus

174 2819 232 2884 sub
246 2817 341 2885 Probi
358 2820 480 2886 nomine
496 2833 627 2889 aetutem
643 2823 795 2904 tulerunt,
817 2844 835 2888 c
858 2821 1056 2908 grammatico
1071 2820 1201 2905 quodum

175 2921 300 2986 multum
328 2921 447 2989 iuniore
477 2925 634 3013 proiectu,
664 2937 696 2991 et
722 2927 831 2992 librum
860 2925 898 2990 de
920 2924 1020 3004 notis3
1043 2935 1133 3007 utquo
1162 2943 1200 2988 ea

176 3042 409 3108 componamus,
438 3046 515 3110 quac
544 3026 593 3096 ad,
611 3024 768 3115 Berytinm
797 3037 949 3115 spectent.
981 3022 1042 3089 ,De
1064 3045 1103 3090 eo
1124 3024 1200 3091 bueo

176 3126 274 3190 refert
300 3122 515 3192 Suetonius
539 3125 589 3214 (de
605 3150 733 3212 gramm.
749 3129 825 3211 20:

208 3242 245 3297 bl.
265 3242 432 3297 Volerius
451 3245 586 3300 Probus.
612 3246 751 3316 berytius,
770 3249 814 3301 diu
831 3247 1005 3301 centuriatum
1022 3246 1102 3314 petit,
1120 3245 1201 3297 donce

210 3329 296 3381 turtio
314 3330 346 3381 ud
366 3331 452 3383 studi·
470 3347 499 3383 se
516 3333 636 3384 eontulit.
656 3332 767 3399 Lepcrct
780 3335 805 3386 in
819 3333 950 3402 provincis
962 3331 1083 3399 quosdun
1095 3338 1200 3383 soreres

210 3414 312 3467 libellos
329 3415 395 3485 upnd
415 3417 637 3482 grummutisturn,
662 3418 773 3471 durante
791 3418 874 3470 rdbuc
891 3418 928 3469 ibi
945 3418 1108 3485 antiquorum
1122 3423 1133 3451 ²
1149 3433 1200 3470 nro·

210 3499 309 3564 moris,
330 3501 437 3552 necdum
455 3502 556 3552 omnino
574 3502 672 3555 ubolitn
689 3502 759 3555 sicut
775 3501 879 3556 liornre.
903 3503 955 3557 llos
972 3519 1030 3556 cunr
1048 3503 1199 3569 diligentins

209 3592 328 3653 repetere
346 3593 422 3653 utque
440 3586 505 3638 altos
517 3588 637 3656 deinceps
649 3602 801 3653 cognoscere
814 3595 934 3658 cuperet,
953 3588 1072 3658 quanvis
1088 3592 1201 3642 omres⁸

176 3776 190 3832 l
209 3773 247 3828 lle
268 3775 407 3830 Vsterio
432 3779 537 3832 Probo
560 3781 627 3833 bend
651 3782 726 3849 pruci
744 3782 884 3843 dixerunt,
909 3782 953 3848 qni
972 3796 1029 3833 cun
1047 3796 1063 3834 c
1080 3781 1148 3835 libro
1167 3782 1199 3835 de

209 3845 278 3897 notis
290 3854 317 3898 et
330 3847 537 3900 institutionibus
550 3851 724 3914 grammaticis
737 3850 768 3902 dc
784 3856 872 3902 uetutc
883 3850 940 3905 eius
953 3851 1076 3903 iudicium
1088 3851 1199 3917 terrent,

209 3913 236 3965 iu
255 3913 358 3967 diversa
377 3917 514 3982 ubierunt,
533 3920 673 3985 etquidrm
687 3919 750 3971 duos
768 3919 965 3984 distinguendos
982 3926 1114 3987 putarunt,
1134 3920 1200 3973 ulte·

209 3995 268 4033 run
291 3981 419 4049 Neronis,
450 3987 561 4039 alterum
586 3987 705 4040 lindriaci
732 3987 889 4054 temporibus
914 3988 1113 4040 adscribendum
1136 3990 1198 4053 rati,

209 4051 276 4117 qood
288 4054 381 4103 merito
393 4055 483 4106 reiecit
493 4054 623 4109 (isaccus.
643 4056 683 4108 Gi.
693 4056 777 4108 Noris.
787 4057 876 4109 Ceuot.
884 4054 937 4108 Pis.
948 4058 1012 4108 diss.
1025 4057 1058 4108 tv
1067 4074 1091 4124 p.
1100 4059 1150 4112 tos
1160 4075 1198 4124 sp.

208 4114 305 4182 Mutet,
330 4119 436 4172 Grnocc.
464 4124 522 4185 sipl.
543 4126 619 4191 lapid.
642 4126 722 4192 pruel'.
744 4142 768 4191 p.
789 4125 888 4192 iisqrp.
913 4125 1015 4177 Corsici
1035 4127 1147 4192 prolepp.
1167 4126 1198 4177 ad

209 4185 434 4322 fippecp.pnop.⁴p.
454 4190 524 4242 Xlll.
545 4193 630 4245 lturm.
650 4193 731 4260 prnel'.
750 4195 782 4245 ud
802 4192 873 4260 virg.
893 4210 918 4261 p.
937 4194 981 4248 ³5.
1007 4193 1110 4247 Putris.
1130 4195 1197 4248 bibl.

173 4322 250 4378 bct.
270 4322 377 4377 llerlcl.
397 4325 428 4376 ud
448 4325 523 4379 ovio.
544 4327 579 4380 lb.
600 4328 701 4397 ditsq.

174 4392 191 4446 3
209 4390 247 4444 lta
265 4394 323 4445 cod.
343 4393 427 4446 Periz.
446 4396 487 4447 ed.
508 4394 591 4463 Vsu,
612 4398 689 4465 vulgo
708 4416 752 4463 re,
771 4400 838 4468 quod
855 4399 938 4452 deteri
956 4400 1034 4454 iussit
1051 4401 1167 4457 Gronov.
