2574 5054
903 349 907 364 t

432 774 516 837 SA'l'.
533 774 583 847 vt,
598 778 748 839 se-ta.
1043 769 1106 836 221

86 949 188 1007 tiorem
209 956 239 1007 et
259 946 463 1025 elegantiorem
478 947 700 1025 intelligentiam,
724 953 902 1023 apportasse.
925 946 1039 1022 Sapere
1054 947 1110 1003 boc

87 1043 241 1106 suestram,
263 1032 345 1091 buius
361 1032 450 1091 seculi
466 1042 495 1091 et
509 1034 625 1110 generis
642 1032 675 1104 (l,
692 1034 724 1094 9.
741 1031 776 1100 ll,
789 1033 860 1101 02),
883 1030 1004 1089 obscure
1024 1040 1110 1089 vocat

88 1119 180 1177 meris
194 1136 314 1195 expers,
331 1128 362 1175 ut
376 1118 441 1175 mibi
456 1116 567 1195 quidem
579 1115 705 1187 videtur,
721 1116 829 1174 Horatii
846 1116 936 1174 locum
951 1117 1108 1194 respiciens

89 1211 157 1270 (snt.
174 1202 209 1273 ll,
224 1208 254 1273 8,
275 1208 344 1275 15)ε
370 1204 474 1261 Chium
490 1204 581 1262 merab
596 1220 717 1280 capere.
749 1201 808 1259 lloc
829 1201 918 1278 ipsum
934 1211 1028 1260 autem
1043 1197 1108 1280 quid

89 1289 127 1348 sit
135 1289 350 1368 neutiquameet
368 1289 558 1366 perspicuum.
585 1287 687 1346 Graeci
703 1287 776 1344 enim
793 1287 863 1344 vinis
879 1284 1043 1365 quibusdam
1059 1283 1109 1344 ad·

89 1371 195 1433 debam
210 1392 311 1453 aquam
327 1375 478 1441 marinam
500 1371 662 1452 Myndium,
684 1371 946 1442 llnlicarnasseum,
962 1369 1110 1443 Rhodium,

91 1458 179 1518 Coum
203 1459 326 1516 nominat
347 1458 512 1517 Athenaeus
536 1458 601 1537 (lp.
617 1457 736 1528 32E.),
759 1457 864 1527 Coum,
887 1453 1023 1514 Rhodium
1047 1476 1109 1515 cum

90 1542 232 1603 Pborineo
248 1543 331 1602 nll'ert
347 1543 454 1602 Plinius
471 1543 564 1615 (xlv,
580 1548 610 1614 8,
628 1547 697 1613 10),
713 1542 759 1622 qui
776 1541 982 1600 Clazomenium
998 1560 1109 1621 quoqne

90 1630 162 1688 mari
176 1627 284 1688 condiri
307 1640 404 1688 narrat
424 1628 514 1701 (xiv,
528 1633 558 1699 7,
575 1631 625 1701 0),
648 1637 731 1707 atque
747 1627 801 1685 boe
819 1625 938 1686 Graecis
953 1628 1026 1685 vinis
1043 1646 1111 1706 pro·

90 1716 181 1794 prium
195 1733 261 1773 esse
276 1712 351 1774 idem
366 1713 467 1785 docet,
488 1733 556 1774 cunr
566 1711 659 1784 dicat,
682 1712 824 1791 prolibare
844 1711 905 1771 Diis
919 1713 983 1771 vina
1000 1711 1110 1773 Graeca

92 1799 369 1869 nefastnmbabcri,
391 1800 520 1879 quoniam
540 1818 641 1879 nquam
662 1798 800 1868 habeant,
823 1808 854 1856 et
876 1797 964 1868 Cato,
986 1799 1033 1876 qni
1056 1819 1111 1857 non

91 1883 175 1943 modo
190 1885 276 1943 Conna
290 1886 383 1943 vinnm
400 1883 495 1957 (11.0.
515 1888 604 1956 112),
627 1882 679 1942 sed
695 1884 805 1941 omnino
821 1882 932 1943 Graeca
944 1885 1008 1942 viun
1019 1882 1109 1956 (llll.

96 1973 166 2033 105.
190 1974 262 2042 106)
286 1989 359 2048 aqua
380 1972 485 2028 marina
506 1967 601 2028 addita
617 1970 714 2028 iacere
729 1967 824 2026 docet.
847 1968 907 2027 lloc
923 1988 973 2027 cur
989 1970 1111 2029 iecerint

92 2074 146 2114 nec
166 2056 220 2134 ipsi
240 2056 345 2135 antiqui
366 2065 545 2134 perspectum
567 2054 717 2114 habebant.
746 2053 931 2126 Plutarchus,
947 2056 993 2134 qui
1009 2052 1044 2113 de
1059 2054 1112 2113 bac

71 2202 75 2209 ,
92 2159 126 2199 re
142 2141 282 2220 quaesivit
299 2149 432 2221 (quaesit.
449 2150 518 2199 natt.
539 2144 608 2211 10),
623 2142 702 2198 varia
717 2140 950 2210 comminiscitur,
966 2138 1039 2218 quod
1054 2151 1113 2198 ter·

93 2244 165 2285 rena
195 2225 288 2283 omnia
314 2237 477 2296 consumat,
509 2224 582 2304 quod
609 2223 784 2303 putredinem
813 2225 970 2305 malumque
997 2225 1114 2286 odorem

95 2321 209 2381 arceat,
240 2309 314 2390 quod
333 2311 425 2370 uinum
445 2331 544 2390 purum
583 2309 699 2382 reddat;
731 2310 896 2369 Athenaeus
923 2321 1021 2369 narrat
1050 2314 1114 2371 vina

95 2398 166 2455 mari
179 2395 292 2455 condita
306 2395 399 2455 dulcia
413 2416 479 2456 csse
493 2397 516 2470 (l
528 2399 606 2473 pas
616 2396 677 2469 0.),
694 2393 848 2475 cademque
863 2394 932 2454 dicit
947 2396 1005 2475 (lp.
1016 2400 1056 2458 32
1066 2397 1113 2469 0.)

96 2500 151 2540 uon
173 2481 276 2540 afferre
300 2482 460 2559 crapulam,
482 2493 612 2541 ventrem
628 2482 759 2551 solvere,
783 2481 956 2540 stomachum
973 2481 1114 2554 mordere,

96 2568 177 2625 llatue
199 2570 317 2644 gignere
338 2569 473 2646 cibosque
496 2586 685 2646 concoquere.
717 2567 795 2639 Quae
818 2587 880 2624 cum
902 2568 942 2625 ita
963 2569 1035 2639 sint,
1061 2569 1114 2627 boc

97 2663 177 2711 certe
191 2651 320 2710 concludi
336 2663 448 2731 potest,
474 2651 611 2712 Graecum
627 2654 718 2710 vinum
735 2653 759 2710 si
775 2653 859 2710 maris
875 2671 978 2731 expers
995 2652 1115 2725 dicutur,

96 2736 164 2796 illud
179 2739 265 2816 ipsum
282 2739 395 2797 salubre
412 2757 445 2796 ac
460 2736 542 2797 dulce
558 2739 585 2796 ei
602 2736 798 2816 dcesse,quod
815 2757 888 2816 aqua
902 2740 1009 2797 marina
1025 2739 1115 2798 all'usa

96 2823 282 2901 procreabat,
312 2833 342 2882 et
356 2824 485 2882 similiter
500 2823 528 2881 b.
545 2824 563 2882 l.
577 2843 684 2901 supere
704 2821 759 2881 dic'i
781 2825 872 2881 meris
887 2843 1014 2901 expers,
1041 2823 1116 2905 quod

97 2909 219 2985 ingenua
236 2909 262 2965 vi
278 2919 308 2966 et
323 2908 488 2967 salubritate
505 2907 665 2968 destitutum
681 2909 727 2966 sit.
760 2908 816 2966 lam
838 2910 923 2985 igitur
942 2910 1025 2967 etiam
1042 2912 1115 2968 ruri·

98 2994 180 3052 colas
202 2992 311 3052 luxuria
333 2996 458 3072 corrupti
481 3005 554 3052 suut.
584 2995 781 3064 Fuem'secne,
813 3004 842 3050 ut
863 2992 898 3063 V,
922 2998 982 3055 122
996 2992 1113 3072 fossor,

98 3076 184 3137 rudes
207 3088 239 3146 et
256 3078 352 3137 inculti
374 3079 534 3157 agricolae,
565 3097 704 3157 pauperes
727 3088 757 3137 nt
780 3078 924 3156 plurimum
947 3082 1116 3140 mercenarii

99 3164 205 3236 (Varro
218 3162 294 3222 tuit.
312 3164 334 3235 l,
352 3168 400 3235 17,
417 3168 460 3234 2),
472 3164 581 3242 pultes,
599 3183 615 3221 c
633 3164 721 3233 larre,
737 3164 954 3242 antiquissimum
972 3163 1043 3243 apud
1061 3164 1117 3222 llo·

97 3269 195 3307 manos
219 3250 273 3307 cibi
296 3269 387 3327 genus
412 3248 517 3322 (Varro
536 3248 570 3306 L.
594 3248 628 3306 L.
653 3249 689 3318 V,
709 3253 779 3310 105.
808 3247 1045 3319 Plin.XVlll,8,
1063 3255 1114 3313 10.

98 3333 164 3393 vat.
177 3333 256 3394 Max.
272 3334 306 3403 ll,
317 3340 346 3406 5,
356 3339 384 3396 5.
401 3334 459 3393 luv.
474 3333 550 3405 XlV,
568 3338 657 3406 171),
672 3353 743 3412 quae
760 3336 821 3392 siue
837 3331 919 3412 adipe
935 3334 1116 3411 parabantur,

98 3430 229 3499 quantum
256 3419 355 3478 uidere
381 3419 481 3478 liccte
507 3420 614 3478 Catone
639 3418 684 3492 (ll.
703 3418 738 3477 n.
763 3423 834 3490 85),
862 3439 964 3478 cresso
988 3423 1117 3498 unguriae

99 3504 179 3578 (llor.
195 3524 222 3561 a.
238 3525 266 3582 p.
286 3509 359 3577 375)
384 3507 544 3576 vitiarunt,
567 3524 604 3563 en
626 3516 719 3564 mente
741 3503 847 3575 bestii,
868 3506 913 3564 cui
934 3503 961 3563 id
977 3504 1116 3586 deprava-

98 3591 185 3648 tionis
201 3591 309 3668 signum
327 3594 381 3648 es't.

184 3695 211 3733 v.
227 3681 364 3737 41-51.
394 3675 443 3733 llis
465 3677 519 3732 iam
540 3673 695 3752 respondet
716 3685 817 3753 poeta:
849 3677 931 3734 Haec
950 3675 1049 3734 ctioerc
1072 3678 1118 3736 ul·

100 3761 195 3820 terior
216 3766 350 3819 metues?
372 3760 452 3818 Talia
475 3760 640 3838 parcorum,
665 3760 754 3839 qualis
778 3760 889 3818 Bestius
906 3771 967 3831 est,
990 3760 1056 3840 quid
1071 3764 1118 3833 sit,

101 3865 153 3904 cnr
167 3857 232 3924 post
254 3857 370 3904 mortem
388 3842 565 3926 (περαιτέρω
581 3836 709 3914 κόνεως,
734 3856 764 3903 ut
778 3847 818 3903 ait
832 3844 991 3925 Tbeopbpl.
1007 3867 1053 3926 ep.
1068 3848 1117 3909 ult.

101 3950 119 3988 n
134 3931 199 3988 Cas.
214 3931 244 4003 Ι.)
261 3930 384 3989 curanda
401 3934 502 4008 putesl
523 3929 563 3988 At
577 3950 638 3988 cum
654 3928 761 3989 beredo
775 3931 829 3988 alia
845 3942 929 4010 atque
946 3933 1054 4009 paulum
1071 3952 1118 3993 se·

102 4017 216 4074 veriore
232 4015 342 4074 ratione
359 4013 496 4094 agendum
513 4016 578 4075 erit.
605 4018 668 4086 Tu,
685 4016 882 4086 westkerca,
900 4018 1031 4094 pur'sput's
1045 4022 1117 4095 eris,

103 4098 177 4180 quod
193 4102 349 4178 significat,
372 4121 453 4180 quarn
474 4119 570 4178 parum
587 4099 621 4159 de
638 4122 673 4160 ea
689 4121 720 4159 re
737 4100 873 4159 sollicitus
889 4105 941 4173 sit,
960 4106 1118 4180 pauluma

103 4187 191 4245 turba
206 4189 355 4245 seductior
371 4186 417 4258 (ll,
433 4191 465 4256 4)
482 4186 572 4256 nudi,
596 4197 626 4245 ut
641 4186 755 4245 liberius
772 4196 864 4244 tecum
880 4187 1025 4267 colloquar
1040 4195 1120 4251 testi·

102 4271 155 4329 bus
178 4273 302 4330 remotis.
333 4272 362 4330 lu
380 4272 562 4352 sequentibus
578 4282 663 4350 poeta
680 4270 739 4328 Caii
755 4270 901 4349 Caligulae
917 4271 1060 4335 ridiculam
1076 4278 1119 4337 in·

103 4355 211 4417 anniam
227 4357 307 4415 simul
322 4367 417 4428 taxat3
439 4358 464 4414 is
486 4358 558 4416 enim
574 4376 680 4415 summo
696 4367 831 4434 apparatu
848 4368 947 4416 contra
962 4359 1118 4423 Germanos

102 4453 133 4501 et
155 4441 305 4502 Britannos
328 4443 485 4502 exercitum
512 4439 626 4516 eduxit,
656 4462 754 4502 verum
776 4442 815 4502 nil
839 4445 891 4503 nisi
913 4442 1058 4507 ridiculum
1080 4449 1119 4509 ibi
