2574 5054
125 785 193 825 xxx
450 761 813 826 PROLECOMENA.

124 931 248 1018 poribus
270 931 325 996 bas
347 931 469 1019 eclogas
492 934 621 1019 scriptas
644 955 714 1000 esse
736 944 884 1019 patemus.
915 928 1080 1000 Persuasit
1092 933 1147 1000 sibi

126 1034 174 1099 vir
188 1034 464 1119 ingeniosissimus,
482 1037 590 1101 borum
606 1037 772 1101 carminum
787 1036 920 1102 inddlem
935 1056 1063 1121 prorsus
1078 1058 1148 1104 cou-

125 1136 233 1201 venire
256 1158 322 1201 cnm
347 1138 404 1217 iis,
429 1159 505 1222 quae
528 1139 566 1203 de
589 1135 725 1204 Serrano
749 1136 958 1221 Quintilianus
981 1140 1146 1224 praedicat,

127 1249 246 1304 etcum
267 1240 325 1304 boc
347 1241 436 1305 modo
456 1239 600 1320 gSerrano
629 1237 788 1326 Calpurnii
810 1261 921 1306 nomeu
947 1240 1147 1319 vindicasset,

127 1341 331 1408 coniecturam
348 1345 426 1428 cepit
441 1340 650 1428 Calpurnium,
666 1339 766 1408 Persii
780 1344 924 1420 amicum,
944 1343 1042 1428 ipsum
1056 1343 1148 1409 luisse

126 1442 312 1526 Serranum,
344 1467 431 1530 qnam
452 1445 523 1509 inde
544 1446 749 1526 confirmavit,
778 1445 857 1528 quod
881 1445 931 1509 bic
953 1465 1074 1530 qnoque
1096 1446 1148 1511 im-

126 1559 245 1613 matura
262 1549 510 1632 morteabreptus
525 1568 594 1614 esse
610 1549 794 1613 traderetur.
817 1543 923 1629 Itaque
938 1547 1015 1614 baec
1030 1550 1098 1614 lere
1113 1549 1149 1613 de

125 1651 190 1716 vita
219 1648 376 1735 Calpurnii
402 1648 528 1716 Serrani
558 1651 657 1733 colligi
685 1670 776 1736 posse
798 1651 915 1735 putavit
936 1650 975 1732 (l.
999 1650 1022 1715 l.
1045 1673 1076 1716 e.
1100 1648 1147 1729 b).

127 1752 205 1819 Cum
227 1753 320 1818 luerit
339 1749 439 1818 Persii
462 1754 589 1838 aprima
606 1752 816 1818 adolescentia
830 1753 944 1816 amicus
959 1761 991 1815 et
1005 1749 1148 1830 Lucano,

127 1867 161 1921 ut
175 1857 240 1941 ipse
256 1854 357 1940 prodit
379 1854 452 1937 (ecl.
471 1851 530 1930 IV,
549 1853 622 1940 18),
647 1856 798 1938 aequalis,
826 1866 928 1919 natum
948 1854 1048 1919 videri
1069 1854 1151 1919 circa

126 1979 156 2022 a.
176 1979 206 2043 p.
232 1953 307 2020 Chr.
332 1952 386 2020 36.
431 1953 524 2020 Poesi
545 1977 671 2042 puerum
698 1957 795 2022 adbuc
818 1968 974 2042 operatum
996 1975 1087 2037 esse,
1117 1968 1153 2021 ut

126 2079 209 2123 anno
231 2059 342 2122 aetatis
363 2053 446 2121 XIX
467 2059 592 2143 primam
616 2057 753 2143 eclogam
769 2058 934 2136 cecinerit,
957 2079 1038 2123 anuo
1053 2053 1152 2123 XXII

126 2160 295 2245 septimam,
311 2180 393 2224 auno
402 2171 548 2244 sequente
556 2172 704 2244 quartam.
721 2156 998 2244 QuamvisVirgilii
1011 2160 1152 2244 inprimis

125 2264 262 2329 imitator
270 2273 365 2342 esset,
383 2275 483 2328 tamen
494 2264 630 2328 etiamad
640 2260 780 2328 Senecae
791 2263 945 2349 ingenium
954 2272 985 2326 ct
999 2261 1152 2327 rationem

125 2366 354 2450 supplicasse,
373 2365 458 2430 cuius
472 2365 655 2430 liberalitate
671 2375 857 2429 sustentatus
865 2366 940 2446 (ecl.
950 2361 1009 2443 IV,
1018 2363 1057 2427 34
1069 2366 1152 2448 sqq.)

128 2467 242 2532 vixerit
262 2467 336 2553 (ecl.
353 2464 412 2542 IV,
429 2467 471 2532 88
482 2468 563 2550 sqq.)
585 2468 616 2531 in
632 2467 746 2532 vicinia
761 2465 844 2531 urbis
859 2468 898 2532 ad
915 2464 1064 2532 Gallinas.
1100 2463 1152 2530 ln·

128 2570 284 2654 dulgentia
305 2568 444 2634 Senecae
465 2569 490 2633 si
514 2571 594 2634 lorte
614 2568 737 2635 Neroni
756 2569 942 2649 innotuerit,
966 2589 1027 2633 non
1048 2568 1155 2635 videri

127 2673 274 2736 tamenin
290 2684 444 2756 poetarum
462 2692 619 2736 numerum
634 2671 814 2750 admissum,
842 2670 1017 2754 quibuscum
1033 2668 1155 2737 Caesar

126 2794 235 2838 versus
257 2793 391 2858 pangere
414 2775 521 2839 solitus
544 2776 603 2853 sit,
627 2797 696 2840 nam
715 2775 771 2839 vix
785 2773 924 2858 attigisse
940 2794 1007 2839 enm
1023 2795 1053 2839 a.
1073 2770 1150 2839 Cbr.

127 2875 189 2956 59,
220 2896 278 2959 quo
300 2874 331 2939 id
353 2876 464 2940 lecisse
485 2874 644 2941 Neronem
666 2886 773 2942 narret
794 2875 921 2941 Tacitus
946 2877 1041 2956 (dnn.
1060 2874 1151 2955 XlV,

130 2976 205 3063 lb),
229 2978 386 3063 expirasse
408 2979 507 3061 potius
530 3000 561 3042 a.
586 2976 661 3043 Cbr.
687 2976 744 3057 58,
768 2999 850 3044 anno
865 2979 975 3044 aetatis
989 2974 1107 3041 XXlll
1126 2985 1149 3042 ¹.

126 3081 331 3164 Agnoscimus
346 3080 405 3144 viri
420 3080 614 3145 subtilitatem
629 3092 720 3165 atque
736 3082 910 3166 ingenium,
933 3101 1041 3146 verum
1055 3101 1152 3164 quan·

128 3184 239 3249 tumvis
262 3183 360 3268 cupidi
382 3183 419 3248 de
439 3181 541 3248 Persii
562 3183 658 3247 amico
681 3184 853 3248 accuratius
883 3182 1007 3248 edoceri
1024 3189 1058 3261 ²,
1088 3203 1151 3247 non

127 3306 286 3372 possumus
301 3295 402 3350 tamen
418 3284 501 3350 bisce
517 3285 700 3350 coniecturis
718 3286 808 3350 ullam
823 3286 911 3350 fidem
927 3284 1052 3351 babere·
1074 3285 1152 3350 Illud

127 3388 245 3470 quidem
262 3408 323 3451 non
339 3408 503 3472 negamus,
526 3406 602 3472 quae
626 3385 887 3470 Quintilianusde
910 3385 1048 3454 Serrano
1063 3406 1152 3472 prae·

129 3490 230 3569 dicat,
253 3490 389 3575 inprimis
410 3489 598 3555 voluntatem
619 3491 698 3554 recti
719 3491 863 3573 generis,
885 3490 929 3554 ita
944 3507 1014 3554 esse
1030 3510 1150 3574 compa·

127 3602 212 3668 rata,
236 3602 269 3655 ut
284 3594 471 3657 conveniant
486 3592 588 3656 inveni
605 3612 671 3656 cum
687 3589 795 3657 Persio
815 3602 905 3676 atque
922 3589 1034 3656 Caesio
1051 3589 1150 3657 Basso

127 3689 286 3760 Musarum
302 3716 390 3760 sacra
406 3695 528 3759 colenti.
557 3688 674 3793 Verum
690 3694 877 3759 nullomodo
893 3694 1019 3760 concedi
1035 3703 1149 3779 potest,

131 3915 293 3984 lllxcerpta
311 3933 343 3969 ex
366 3916 450 3986 Sarpii
469 3917 534 3969 libro
560 3917 633 3968 dedit
650 3915 789 3970 Frotscber
812 3933 869 3970 exc.
896 3915 957 3969 lad
976 3915 1067 3984 Quint.
1086 3916 1107 3969 l.
1125 3915 1152 3968 X

163 3986 259 4105 pv228
271 4001 326 4052 sqq
355 3986 513 4038 Sententiam
531 3987 589 4037 eius
611 3985 697 4049 solua,
722 3987 790 4052 quod
808 3988 903 4050 scium,
928 3983 1098 4054 probavitG.
1117 3985 1149 4037 ll

200 4054 293 4104 aberae
311 4054 399 4121 (Corp
420 4063 499 4123 poett
520 4055 613 4122 lott.p
616 4053 726 4106 XCVI
739 4055 801 4122 sq)

128 4120 334 4184 Haberemus,
362 4125 405 4173 ubi
428 4123 555 4191 Pbytb'dc
573 4131 600 4175 et
598 4071 755 4175 ΡΟιιὶΙιίὋιιιι
777 4129 840 4189 (ιιι.
860 4124 880 4189 1,
900 4123 943 4176 34.
965 4123 1026 4188 434)
1043 4137 1152 4190 quaerc-

163 4205 265 4254 remus,
284 4190 318 4241 ef.
337 4190 400 4257 Calp
403 4207 461 4242 uru.
480 4192 528 4242 eal.
549 4191 592 4255 ΙΙΙ,
611 4193 714 4259 24ιιι.

294 4258 328 4309 ΡΙι
350 4209 413 4310 llide
431 4267 568 4310 contentus
585 4229 658 4321 bola,
676 4267 705 4311 tn
723 4262 814 4323 testis,
833 4259 912 4324 iolla,
933 4275 972 4324 ea,

295 4275 424 4378 Cadliroen
443 4329 547 4393 sprevi,
567 4331 683 4394 quamvis
702 4345 758 4380 cum
778 4333 836 4380 dcte
854 4298 966 4394 cogdret.

162 4393 259 4447 Verum
276 4411 307 4447 ea
325 4396 408 4460 ratio,
428 4412 478 4464 qua
495 4396 600 4447 Persius
613 4403 664 4448 tam
676 4396 796 4466 Phyllida
808 4413 882 4464 quum
896 4398 1028 4451 Calliroen
1041 4397 1150 4464 sprevit,

163 4465 231 4518 band
249 4480 311 4518 aene
329 4432 457 4519 indicdret
474 4464 583 4518 amicum
600 4465 660 4517 bule
679 4475 769 4532 poetae
786 4467 908 4520 animum.
