2574 5054
210 789 291 832 xvrn
533 759 902 826 PROLEGOMENA.

296 934 401 1002 Sehol.
418 928 495 997 Ver.
512 933 551 997 ati
567 934 649 998 Aen.
667 929 818 1012 111,661.
852 929 962 996 Comes
976 927 1116 1013 eiusela'oa's
1133 925 1239 992 oliui.

211 1037 435 1105 Cornutus:
464 1033 549 1101 Num
571 1036 718 1103 indecore
742 1038 799 1101 hoo
823 1034 952 1114 dicitnr,
984 1051 1052 1096 oum
1073 1030 1114 1096 sit
1134 1027 1241 1096 Ulixis

211 1140 310 1206 hostis
325 1138 476 1205 Aeneae?

299 1241 405 1309 Sohol.
425 1239 501 1306 Ver.
519 1241 558 1305 ad
573 1240 656 1306 Aen.
674 1237 732 1322 lv,
750 1240 824 1307 178.
847 1241 939 1305 illam
955 1247 1043 1302 terro
1053 1255 1174 1322 parens
1189 1235 1241 1297 ira

211 1348 356 1410 suntote.
381 1340 604 1410 Cornutus:
632 1387 640 1404 .
661 1389 669 1404 .
689 1389 697 1407 .
716 1344 843 1428 (quid).
867 1389 875 1406 .
895 1389 903 1405 .
921 1363 939 1406 e
954 1350 1070 1426 posset.

299 1445 403 1514 Sohol.
427 1445 503 1514 Ver.
527 1445 566 1510 ad
587 1444 672 1510 Aen.
694 1442 737 1526 V,
757 1444 833 1511 488.
859 1443 1029 1509 Volucrem
1053 1441 1187 1504 nuieoto
1207 1441 1241 1502 in

204 1550 292 1637 sune
318 1547 499 1615 columbum.
540 1544 714 1632 Longus.
752 1549 892 1613 Adnotat
914 1541 1137 1621 Cornutus,
1162 1540 1240 1625 quod

212 1652 393 1718 indecenter
414 1670 532 1715 suoram
552 1651 643 1715 matri
662 1673 737 1717 suae
762 1672 851 1717 avem
865 1649 985 1734 sagittis
1001 1645 1152 1729 figendam
1168 1664 1240 1708 oon·

214 1754 361 1820 stituerit.

301 1852 392 1920 Serv.
408 1855 448 1919 ad
463 1853 546 1921 Aen.
563 1851 622 1933 IX,
639 1851 714 1917 348.
732 1853 778 1918 Et
790 1854 889 1917 multo
903 1861 1012 1916 morte.
1037 1847 1241 1914 Cornutus

214 1965 307 2020 noete
320 1955 396 2040 legit
411 1966 443 2021 et
457 1956 637 2021 annotavit:
672 1955 782 2020 Utrum
805 1963 923 2020 nocte
940 1974 1003 2039 pro
1024 1955 1179 2017 morte?
1199 1970 1241 2014 uu

215 2078 285 2122 oum
299 2058 399 2122 multu
413 2079 488 2123 uon
504 2061 609 2122 esset?

302 2157 395 2225 Serv.
419 2160 459 2225 ad
480 2162 565 2226 Aen.
589 2156 651 2239 lX,
675 2157 750 2224 675.
788 2158 891 2224 Ducis
916 2160 1045 2245 impera’o
1069 2158 1241 2221 oommusn.

216 2258 424 2327 Cornutus
454 2283 530 2327 vero
559 2262 669 2328 melius
693 2264 887 2344 [sententiam
908 2259 1023 2326 Donati
1044 2259 1135 2325 modo
1157 2269 1242 2324 retu·

215 2363 305 2443 lerat]
330 2363 447 2444 sensit,
471 2365 594 2430 dicens:
623 2363 774 2441 Portum,
799 2385 880 2450 quoe
903 2362 994 2428 duris
1016 2363 1145 2448 ruoperto
1162 2382 1242 2424 corn·

216 2467 313 2529 maora
324 2465 459 2548 suerat,
475 2465 536 2531 ltoo
551 2477 598 2531 est
612 2467 722 2530 aluum
730 2514 742 2545 ,
761 2487 826 2530 eum
843 2475 1024 2551 aperueruut.

304 2565 397 2633 Serv.
414 2568 453 2633 ad
467 2570 550 2633 Aen.
567 2564 613 2647 X,
628 2568 703 2633 547.
718 2568 864 2632 Dauernt
876 2569 931 2632 illa
946 2566 1070 2653 aliquid
1081 2586 1242 2652 onagrum.

218 2666 281 2755 Μή
293 2664 376 2756 μέγ’
392 2669 501 2760 εἴπῃς.
535 2668 733 2736 Cornutus
751 2679 762 2713 ¹
776 2680 810 2733 ut
825 2671 979 2734 sordidum
994 2668 1155 2754 improbat.

304 2768 410 2837 Sohol.
434 2770 511 2838 Ver.
534 2774 573 2839 ad
595 2778 678 2839 Aen.
700 2769 779 2852 XII,
801 2769 979 2837 470...t
1006 2771 1039 2836 in
1067 2753 1187 2836 Cor—n.
1211 2779 1244 2834 et

221 2872 359 2937 ...uit
393 2871 616 2959 Egoreli...

304 2974 355 3038 Ad
394 2976 677 3061 interpretationem
713 2974 834 3061 Virgilii
867 2987 1008 3062 spectant
1035 2975 1126 3041 etiam
1166 2975 1243 3039 duae

219 3077 340 3160 glossae
367 3078 445 3163 apud
474 3076 631 3143 Placidum
654 3076 747 3162 (Mai.
774 3089 866 3143 auott.
889 3080 981 3144 class.
1005 3089 1029 3143 t.
1053 3074 1135 3156 lll),
1166 3097 1243 3162 quae

220 3175 392 3243 Cornutum
406 3190 562 3245 auctorem
577 3182 719 3266 produnt.
745 3178 880 3264 Quarum
896 3182 993 3246 altora
1008 3181 1053 3268 (p.
1068 3177 1168 3267 476)=
1192 3180 1244 3244 ln·

218 3281 377 3366 glumam,
415 3279 624 3347 Cornutus
652 3293 808 3358 vernem,
839 3284 1009 3348 Plinius
1041 3281 1241 3362 concitatore,

219 3384 257 3447 ad
273 3379 362 3468 Virg.
381 3381 498 3469 Georg.
516 3381 652 3462 111,431
674 3385 838 3450 referenda
858 3386 996 3462 videtur,
1020 3384 1071 3448 ubi
1086 3407 1118 3448 v.
1136 3384 1243 3470 urghe-

219 3485 297 3549 oa'ont
334 3481 464 3551 Servius
492 3487 612 3550 neuma
643 3489 867 3572 capacitatem,
902 3484 1112 3574 Philargyrius
1132 3487 1245 3572 gulam

221 3588 367 3673 explieat.
392 3588 501 3652 Altera
516 3587 559 3674 (p.
576 3586 656 3671 485>
678 3590 766 3655 valde
788 3599 929 3674 corrupta
943 3599 1007 3654 est:
1029 3588 1245 3674 Magnentem

220 3689 281 3753 ato·
303 3691 549 3775 pinguissinum
584 3711 755 3754 euoemere
789 3689 949 3775 (euterun
974 3712 1035 3756 em.
1059 3689 1182 3757 Miller.
1206 3691 1245 3756 atl

220 3788 308 3856 Fest.
333 3812 364 3875 p.
382 3789 481 3873 126),
505 3792 565 3856 ala·
581 3791 719 3857 secunda
735 3802 897 3879 prosecta.
933 3791 1137 3858 Cornutus
1158 3794 1245 3880 quio·

219 3892 298 3979 quid
313 3905 433 3959 moetus
449 3895 486 3959 iol
501 3904 550 3959 est
561 3894 711 3981 quioquid
724 3895 872 3960 dotatur.
897 3892 1073 3981 Legebatur
1087 3916 1123 3960 ea
1138 3895 1198 3959 iarn
1214 3906 1246 3959 et

219 3994 319 4078 paullo
344 3995 464 4078 quidam
496 3997 686 4062 emendatior
711 3996 787 4081 apud
816 3993 864 4060 Io.
893 3993 1031 4066 alanus
1053 4006 1086 4062 et
1105 3994 1244 4081 Papiam,

220 4095 299 4159 undo
321 4097 411 4161 allata
435 4109 483 4163 est
502 4120 522 4163 a
544 4097 639 4165 Laur.
663 4097 810 4186 Pignorio
834 4099 948 4187 (symb.
973 4100 1121 4186 epistolio.
1145 4096 1246 4164 XXX

222 4296 234 4347 l
255 4294 446 4350 lto-vertunno
463 4314 508 4365 pro
525 4299 596 4360 vulg.
618 4300 762 4353 Coriutlaua
779 4318 827 4354 eur.
848 4300 949 4354 liuhai.
969 4302 1036 4368 apud
1060 4299 1141 4353 lioen.
1162 4300 1243 4368 prael.

255 4365 288 4445 etl
306 4365 385 4430 Grog.
399 4364 458 4417 Cor.
473 4384 497 4433 p.
511 4366 577 4427 Vlll,
596 4370 640 4434 qui
659 4373 773 4431 monuit,
793 4371 957 4425 scribendam
974 4371 1062 4423 videri
1079 4365 1166 4437 μηδὲν
1182 4364 1246 4438 μέγ’

255 4434 347 4506 ringo,
366 4434 510 4489 desumtam
527 4451 541 4488 e
560 4436 637 4505 Soph.
656 4439 698 4491 ai.
718 4440 778 4494 386.
