2574 5054
126 788 236 834 cuxxu
458 758 819 826 rttoutsuottttttn

126 957 253 1024 prorsus
273 936 356 1000 inter
377 955 412 1001 se
432 933 595 1011 convenit,
619 933 663 997 ita
684 942 719 996 nt
739 949 887 1017 perpauca
908 931 985 1016 apud
1014 931 1153 996 Linden-

126 1039 264 1122 trogium
293 1038 482 1115 invenerim,
515 1056 592 1120 qnae
622 1055 684 1099 non
713 1032 824 1098 habeat
851 1032 1008 1112 Eremita,
1044 1045 1154 1099 contra

127 1141 228 1228 paullo
242 1141 326 1224 plura
341 1140 418 1225 apud
434 1139 528 1217 hunc,
545 1137 650 1221 quihus
665 1137 717 1201 ille
732 1146 845 1201 careat.
866 1134 1153 1221 Lindenbrogianas

127 1242 357 1309 emendationes
372 1241 404 1305 in
420 1241 591 1327 exemplum
606 1259 693 1303 suum
708 1238 916 1325 transscripsit
931 1236 1152 1317 Christins,

49 1331 56 1344 ⁸
128 1344 206 1428 quod
230 1365 310 1408 nnnc
332 1344 364 1407 io
388 1343 572 1408 bibliotheca
592 1340 800 1406 universitatis
821 1339 997 1427 Lipsiensis
1012 1350 1059 1404 est
1074 1339 1154 1422 (Ru-

127 1456 207 1532 pert·
223 1446 260 1509 ad
276 1443 385 1510 quen.
404 1456 427 1509 t.
444 1441 459 1507 l
475 1467 505 1529 p.
523 1440 695 1523 CXLIV),
715 1453 748 1507 et
761 1454 904 1528 ausuque
919 1453 1063 1510 accurate
1079 1462 1154 1507 con·

128 1549 244 1613 sentire
267 1547 370 1612 docuit
391 1567 439 1612 me
461 1544 525 1609 Fr.
548 1542 739 1609 Passovii
760 1547 948 1631 exemplum,
972 1547 1004 1610 in
1029 1565 1088 1628 quo
1112 1565 1154 1609 ex

130 1647 308 1716 Christiano
337 1658 515 1726 sumserat,
547 1647 633 1713 cuius
660 1667 746 1711 usum
775 1647 847 1711 milti
873 1648 970 1712 amice
1000 1647 1155 1713 concessit

129 1751 190 1818 W.
206 1749 423 1816 A.Passorius
439 1751 528 1815 ilius.
553 1746 730 1814 Christiano
740 1751 881 1834 exemplo
896 1761 1002 1834 aperte
1017 1771 1090 1814 usus
1106 1759 1156 1814 est

128 1853 315 1932 Reizius,
337 1854 386 1938 qni
409 1853 487 1918 ltaud
508 1872 619 1938 paucas
650 1851 756 1916 harum
779 1853 1002 1919 correctionum
1023 1852 1152 1936 recepit.

129 1956 248 2041 Quodsi
269 1956 445 2041 quaeritur,
469 1977 487 2020 a
509 1975 638 2038 quonam
660 1956 815 2040 proiectae
837 1956 900 2020 sint
927 1954 984 2019 luae
1012 1953 1156 2018 emenda-

129 2061 249 2137 tiones,
273 2070 306 2123 ut
320 2057 361 2122 D.
379 2057 545 2123 Eremitam
562 2067 678 2142 patrem
699 2078 804 2122 earum
827 2058 1011 2137 habeamus,
1033 2057 1157 2121 videtur

130 2163 280 2238 suadere,
304 2161 383 2245 quod
409 2158 574 2226 Graevii
596 2180 685 2223 manu
705 2160 738 2223 in
758 2161 846 2225 titulo
868 2172 938 2247 post
951 2182 1004 2225 vv.
1021 2181 1091 2223 eum
1106 2181 1156 2225 ne·

130 2263 250 2330 teribus
265 2264 492 2328 commentarius
511 2282 595 2326 nune
612 2263 750 2347 prinum
770 2263 864 2327 cdt'ta's
884 2262 1018 2328 additum
1033 2273 1100 2327 est:
1126 2274 1156 2327 et

130 2369 235 2432 motos
251 2367 329 2430 locis
343 2365 514 2433 emendetis
528 2384 549 2427 o
563 2365 606 2430 tt.
623 2363 762 2428 diremi
766 2375 807 2430 ta
825 2373 849 2428 ¹.

216 2500 302 2566 llaec
325 2501 440 2566 scholia
461 2501 710 2566 annotationibus
730 2520 787 2564 nec
810 2521 921 2567 ornare
943 2523 1001 2566 nec
1023 2524 1155 2567 onerare

129 2614 232 2690 aptum
256 2604 348 2683 duxi,
379 2625 453 2688 ergo
474 2604 500 2668 si
526 2623 639 2687 paucos
668 2590 753 2668 locos
783 2604 938 2690 excipias,
969 2604 1020 2668 nbi
1045 2605 1156 2689 aliquid

129 2706 268 2770 breviter
287 2715 395 2768 notare
416 2727 433 2769 e
456 2725 490 2769 re
511 2707 608 2771 visum
630 2716 696 2785 est,
720 2716 843 2790 praeter
857 2709 960 2773 varias
975 2704 1128 2772 lectiones
1146 2715 1159 2749 ²

130 2807 246 2874 subieci
267 2817 383 2871 tantum
406 2808 542 2872 locorum
565 2812 598 2874 in
620 2810 742 2875 scholiis
764 2810 953 2875 laudatorum
984 2819 1156 2874 accuratam

128 2909 367 2987 indicationem,
396 2920 428 2974 et
454 2919 487 2973 ut
516 2910 713 2998 colligeretur
738 2912 877 2996 quicquid
907 2912 946 2977 ad
979 2912 1036 2976 ltoc
1059 2933 1157 2996 genus

128 3009 392 3095 interpretationis
411 3012 605 3077 referendum
629 3013 806 3092 videretur,
836 3012 937 3078 addidi
959 3035 976 3078 c
999 3014 1158 3100 glossariis

131 3113 374 3199 graeco-latinis
396 3114 434 3177 ab
455 3113 591 3180 Henrico
613 3115 768 3205 Stephano
785 3116 874 3181 editis
891 3127 923 3181 et
936 3113 1051 3202 Papiae
1067 3128 1157 3202 atquc

129 3211 256 3279 loannis
278 3235 296 3279 a
317 3212 413 3280 lanua
433 3217 655 3297 vocabulariis,
687 3238 764 3302 quae
795 3220 832 3284 ad
856 3217 995 3283 Persium
1017 3231 1159 3306 spectare

129 3317 333 3396 ridebantur,
357 3319 445 3383 simul
467 3321 640 3406 comparavi
664 3340 737 3405 quas
752 3320 830 3405 apud
844 3317 994 3385 Isidorum
1011 3322 1157 3401 maxime,

132 3417 273 3486 Servium
297 3420 386 3484 etiam
411 3421 547 3504 aliosque
569 3422 782 3506 grammaticos
804 3422 917 3487 similes
937 3421 1159 3507 explicationes

131 3521 248 3586 inveni.
281 3518 469 3606 Quamquam
492 3544 539 3587 me
564 3545 624 3587 non
648 3525 741 3604 latet,
764 3523 837 3589 talia
857 3524 895 3589 alt
918 3524 975 3603 iis,
999 3524 1096 3607 quiin
1112 3526 1160 3590 his

131 3622 239 3689 studiis
262 3635 295 3687 et
313 3623 510 3708 scriptoribus
533 3626 628 3711 magis
651 3624 765 3690 versati
787 3636 879 3704 sunt,
907 3626 1028 3714 plenius
1057 3615 1159 3692 afferri

132 3745 240 3810 posse,
269 3736 372 3791 tamen
393 3728 444 3793 vel
466 3728 510 3793 sic
534 3748 589 3806 ea,
619 3749 695 3812 quac
717 3737 821 3812 parata
844 3726 935 3791 habui
958 3748 1020 3791 non
1043 3729 1160 3794 invitos

133 3838 314 3911 accepturos
329 3848 400 3894 esse
414 3823 488 3894 VV.
506 3826 577 3893 DI).
600 3829 741 3915 speravi,
764 3828 851 3913 quasi
873 3829 1016 3914 quasdam
1039 3833 1160 3919 symbo-

133 3931 179 3996 las
194 3931 231 3995 ad
247 3931 402 3996 historiam
419 3932 634 4019 explicationis
650 3931 737 3997 huius
752 3941 873 4017 poetae.

137 4147 149 4200 l
170 4147 210 4199 At
229 4148 317 4198 codem
336 4148 447 4201 Graevio
465 4151 545 4202 rnnlta
570 4151 699 4218 adscripta
723 4157 800 4214 aunt,
826 4163 891 4215 quae
912 4147 944 4199 ad
967 4150 1163 4217 interpretatio-

169 4231 227 4267 nem
244 4214 374 4269 luvenalis
391 4225 526 4286 spectent,
545 4221 612 4271 laud
630 4220 715 4285 magni
733 4219 863 4271 momenti.

134 4316 152 4373 2
171 4317 317 4370 Editionem
328 4317 454 4371 Venetam
468 4322 554 4373 notavi
567 4322 608 4373 cd.
623 4337 688 4389 ρης
708 4321 841 4373 Parisinae
859 4337 908 4372 non
928 4320 977 4372 ieci
997 4323 1160 4379 mentionem.

171 4387 221 4505 ridel
234 4386 284 4506 pli
302 4402 319 4439 a
335 4386 429 4441 Vineto
448 4389 572 4455 discedit,
600 4407 661 4457 ergo
678 4391 721 4442 ubi
741 4390 804 4442 Vir.
823 4390 965 4454 landatur,
991 4389 1058 4440 idern
1077 4399 1118 4441 cst
1137 4392 1184 4441 ln,

173 4472 213 4508 e.
257 4470 299 4507 ar.
