2574 5054
419 730 782 797 tnotudouuutm
963 750 966 756 '
992 748 1113 796 emm

84 915 195 989 grtes,
227 896 463 984 Virgilium,
491 900 718 980 Horatium,
754 899 954 979 Ovidium,
991 898 1112 969 Luce·

84 1028 191 1083 oum,
214 999 470 1082 luvenulern,
493 1015 526 1068 et
544 1004 641 1069 semel
661 1000 705 1089 (Ι,
720 1002 778 1089 63)
801 1000 1031 1069 Cornelium
1047 1003 1112 1070 Se-

84 1126 241 1184 verum,
263 1102 314 1189 qui
335 1114 439 1170 tamen
459 1125 478 1170 a
499 1106 704 1189 grammaticis
725 1102 804 1170 houd
827 1106 868 1170 ite
888 1126 960 1170 raro
974 1106 1112 1187 affertur,

89 1221 121 1274 ot
134 1208 174 1272 alo
190 1229 250 1287 eo,
273 1227 362 1290 que·
378 1226 474 1291 nuper
494 1205 645 1293 llauptiua
667 1209 773 1273 edidit.
806 1204 962 1291 Quasdam
979 1209 1113 1292 explica·

87 1313 187 1376 tiones
201 1311 294 1374 etiem
308 1309 456 1375 memorie
470 1328 595 1390 eorum,
619 1330 695 1394 qnae
717 1311 796 1396 epod
812 1311 867 1376 hos
882 1311 1018 1396 legerat,
1042 1333 1113 1396 proa

85 1433 209 1478 enasse
230 1411 372 1492 videtur,
395 1412 502 1497 partim
518 1415 649 1497 ineptas.
680 1409 727 1476 Ite
743 1434 810 1477 enm
827 1413 900 1478 dicit
912 1423 1019 1498 poetas
1034 1413 1113 1477 anti·

85 1536 161 1599 qnae
175 1514 355 1581 comoediae
370 1535 413 1580 ex
427 1514 495 1598 lego
514 1511 578 1580 Xll
595 1513 761 1580 tabularum
777 1513 904 1579 [ustibus
920 1536 989 1581 esse
1006 1517 1127 1601 [Q

87 1623 101 1684 l
107 1615 132 1695 l,
151 1613 245 1698 123),
261 1617 396 1682 meminit
410 1627 515 1700 aperte
534 1616 651 1682 Horatii
672 1617 730 1682 loci
752 1619 835 1702 (epp.
852 1613 894 1695 ll,
914 1615 1044 1700 1,152)‚
1067 1619 1112 1683 sio

87 1731 120 1782 ot
140 1718 256 1783 emsa
279 1718 398 1786 Horatii
419 1729 494 1784 noea
517 1716 740 1805 (ammoto,
759 1716 815 1802 16)
837 1716 1030 1786 Cretensium
1048 1741 1110 1784 mo-

86 1846 149 1888 rem
172 1823 347 1908 procreavit
373 1819 503 1908 (11,1),
534 1834 568 1888 et
588 1824 666 1888 alius
688 1823 755 1888 eius
775 1823 861 1888 locos
889 1823 994 1908 (epod.
1016 1821 1049 1901 d,
1073 1821 1110 1903 8)

88 1938 190 1990 notam
206 1926 245 1990 de
261 1937 333 2010 loge
346 1946 490 1992 senarum
505 1927 643 1994 ulnarum
658 1922 716 2009 (V,
734 1923 801 2011 ll).
838 1923 889 1991 Cl.
907 1927 997 1992 etiam
1012 1926 1110 1992 schol.

85 2031 123 2094 ad
139 2026 167 2106 Ι,
185 2026 248 2092 115
268 2051 336 2095 eom
357 2027 435 2093 llor.
457 2039 518 2094 eet.
541 2025 582 2111 ll,
600 2028 633 2110 1,
650 2025 704 2095 69.
737 2027 886 2095 Similiter
906 2049 983 2112 quae
997 2029 1035 2093 od
1051 2024 1110 2106 ΙΙΙ,

85 2131 125 2195 61
159 2133 197 2197 de
220 2133 323 2199 corvis
342 2131 489 2198 adulteris
518 2143 641 2212 uomet,
672 2132 781 2199 eloco
800 2128 954 2198 luvenalis
977 2129 1037 2215 (ΙΙ,
1053 2128 1111 2217 63)

86 2236 176 2300 dueta
191 2237 355 2315 videntur,
372 2246 407 2300 ut
421 2256 463 2300 ex
478 2235 575 2299 altero
590 2231 664 2317 (Vl,
681 2233 779 2318 162),
798 2257 875 2320 quae
891 2236 928 2301 de
939 2238 1113 2322 popueaaeir

88 2339 180 2404 habet
194 2339 249 2421 (ad
264 2333 322 2418 vl,
338 2333 415 2422 71),
438 2337 615 2422 quibuscum
631 2339 671 2401 cl.
689 2335 744 2401 Io.
760 2359 779 2403 a
794 2334 833 2403 la
846 2360 935 2404 uua:
966 2339 1113 2423 „Poposc-

89 2463 193 2505 mra
210 2463 307 2528 popa,
331 2440 409 2527 quod
430 2452 478 2506 est
492 2441 664 2527 pinguedo,
688 2441 797 2506 dieitur
812 2441 959 2526 quoddam
975 2461 1113 2525 unguen·

89 2550 180 2608 tum“
204 2555 277 2609 cett.
320 2540 419 2627 Quam
442 2564 544 2630 parum
567 2553 709 2608 versatus
731 2544 771 2608 sit
792 2545 823 2607 in
846 2544 978 2627 antiquis
1003 2543 1110 2629 poetis,

84 2649 199 2712 docent
221 2665 297 2731 qooe
318 2647 435 2711 notavit
457 2645 496 2710 od
516 2641 558 2723 V,
583 2645 614 2709 1.
655 2643 841 2730 Quamquam
865 2667 906 2709 ex
920 2647 1013 2711 totius
1029 2667 1111 2710 conr·

85 2750 230 2815 menterii
250 2747 354 2813 lnaloitu
380 2748 511 2812 maxime
537 2747 727 2812 iudicandum
757 2760 821 2827 est,
860 2768 958 2832 neque
988 2749 1110 2811 multum

84 2852 216 2937 singulis
236 2851 409 2916 moerendis
433 2849 604 2929 lucramur,
627 2851 697 2934 quia
720 2871 756 2916 en
779 2863 883 2936 postea
903 2852 1020 2915 adiecta
1043 2870 1111 2914 esse

84 2955 145 3020 diei
167 2963 314 3039 possent,
343 2953 477 3019 conferri
497 2962 597 3016 temen
621 2964 748 3038 possunt
775 2955 939 3037 quaedam,
970 2973 1045 3036 quae
1073 2953 1110 3016 ad

85 3056 314 3144 grammaticam
333 3065 492 3140 spectant,
520 3075 597 3138 quae
618 3055 691 3119 illud
714 3067 849 3141 tempus,
882 3056 918 3119 de
941 3077 998 3140 quo
1021 3055 1110 3118 modo

85 3163 197 3224 dietum
214 3169 281 3236 est,
306 3158 382 3223 setis
402 3159 664 3242 praeseferunt,
687 3180 720 3224 v.
737 3160 774 3223 ad
791 3156 817 3237 l,
834 3157 888 3223 46.
907 3155 979 3222 168.
998 3154 1040 3235 ΙΙ,
1057 3154 1109 3220 58.

85 3259 145 3341 lll,
164 3260 214 3326 16.
229 3258 358 3325 illd-al.
384 3257 575 3325 Confirmant
589 3260 679 3324 etiem
695 3260 835 3325 iudicium
852 3271 987 3325 nostrum
1003 3261 1024 3323 ii
1039 3260 1110 3337 loci,

85 3365 195 3449 quibus
218 3361 368 3428 Graecum
390 3380 563 3426 sermonem
585 3363 717 3426 adhibet.
764 3362 852 3426 Haud
882 3383 952 3426 raro
975 3361 1111 3427 Graecas

85 3469 204 3554 profert
228 3465 444 3552 etymologias,
473 3465 580 3550 partim
604 3485 679 3543 eas,
710 3486 783 3549 quas
800 3487 817 3529 a
834 3463 965 3544 Servio,
994 3462 1112 3529 Isidoro

87 3572 158 3636 sim.
180 3567 306 3633 traditus
335 3567 502 3653 reperimus
532 3565 574 3648 (Ι,
592 3566 644 3630 14.
667 3563 724 3646 IV,
742 3565 794 3630 51.
821 3564 860 3644 V,
880 3565 976 3652 146),
1007 3568 1112 3651 partior

87 3672 233 3738 ridiculas
253 3682 286 3736 et
305 3690 382 3753 quoe
406 3670 583 3734 nebulosam
613 3669 700 3734 istam
729 3682 761 3735 et
788 3673 945 3734 conlusori
975 3667 1113 3733 Graecae

88 3777 210 3859 linguae
238 3771 441 3857 coguitionem
471 3772 682 3836 demonstrent
710 3773 803 3860 (prol.
828 3771 861 3836 6.
886 3771 912 3850 l,
940 3770 1011 3834 10⁶2.
1039 3769 1111 3834 127.

91 3875 150 3955 lV,
173 3875 224 3940 13.
248 3872 289 3953 V,
314 3872 408 3952 164),
439 3875 554 3959 aliquot
575 3875 650 3940 locis
671 3887 776 3959 operte
798 3878 835 3940 iis
857 3898 927 3938 usus
949 3886 1014 3951 est,
1040 3891 1114 3957 quae

90 3982 205 4065 antiqui
228 3978 415 4063 grammatici
438 3979 646 4055 tradiderunt,
669 3978 711 4042 ita
737 3990 856 4054 tomen,
880 3989 913 4042 ut
936 4000 1033 4062 neque
1050 3977 1114 4062 ipsc

90 4104 211 4169 semper
232 4091 375 4146 accurate
397 4080 586 4165 intelligeret
607 4091 638 4145 et
653 4082 761 4165 passim
778 4091 986 4161 corrumperet
1002 4077 1042 4162 (l,
1059 4080 1112 4144 75.
1137 4130 1140 4135 .

90 4185 143 4250 99.
170 4183 245 4250 161.
270 4180 423 4266 tlt,53).
464 4180 513 4247 Ita
540 4204 606 4249 oum
634 4183 834 4268 antiquiorem
865 4184 971 4248 ducem
993 4193 1116 4247 secutus

91 4289 258 4355 Graeceio
275 4285 531 4370 comparationem
548 4298 655 4365 vocat,
679 4288 750 4351 illud
768 4283 848 4354 ὅσον
869 4283 908 4352 rd
931 4283 1029 4351 asoto
1053 4286 1116 4369 qui-

92 4396 158 4460 dem
181 4393 316 4459 feliciter
337 4388 474 4455 sem-avit
497 4386 538 4472 (l,
563 4388 616 4476 l),
644 4400 676 4455 at
704 4388 856 4455 Graecum
887 4409 1026 4466 uersum,
1058 4408 1116 4471 quo
