2574 5054
132 955 347 1027 strenuumque
383 944 450 1009 reri
486 944 663 1008 inveniendi
700 943 829 1008 studium
865 945 1090 1029 agnoscendum
1120 966 1156 1011 oe

133 1063 295 1146 praebeat,
332 1063 460 1146 aequior
489 1063 529 1126 sit
558 1062 714 1127 erroribus
743 1063 958 1148 ignoscendis,
989 1065 1154 1141 nemiuem,

40 1208 45 1217 ·
131 1184 179 1264 qni
203 1182 368 1266 promptior
388 1180 427 1243 sit
447 1180 545 1245 aliena
568 1182 674 1245 merito
697 1181 906 1265 praedicandi,
931 1183 1083 1247 neminem
1105 1184 1157 1266 qui

131 1301 242 1363 clarius
266 1299 426 1377 ostendat,
451 1299 558 1382 ubique
580 1318 615 1363 se
635 1300 774 1363 veritatis
795 1322 856 1363 nou
880 1301 926 1364 sui
949 1301 1048 1365 studio
1071 1301 1153 1365 duci.

131 1416 267 1498 Quarum
290 1417 434 1482 virtutum
457 1417 627 1503 exemplum
651 1418 728 1481 haud
751 1419 850 1482 minus
878 1419 1052 1482 imitandum
1082 1420 1155 1482 mibi

129 1536 292 1619 proposui,
322 1556 408 1617 quam
430 1533 627 1619 philologicae
651 1537 846 1621 discipliuae,
875 1557 973 1619 neque
997 1538 1153 1619 quicquam

129 1654 305 1731 elaboravi,
337 1654 407 1737 quin
433 1654 532 1738 imago
554 1652 624 1717 Tua
647 1654 718 1718 mibi
741 1665 812 1719 aute
834 1655 938 1719 oculos
960 1666 1152 1731 versaretur,

129 1781 217 1836 etex
232 1790 280 1834 ure
294 1791 488 1854 quaererem:
517 1760 597 1854 Quid
620 1772 657 1838 de
678 1783 710 1836 te
731 1774 812 1838 dicet
827 1771 1063 1837 Lachmannus?
1092 1768 1154 1836 lta·

129 1889 268 1973 quoiam
291 1899 352 1952 tum
375 1910 442 1953 cum
465 1886 610 1954 Reroliuu
631 1890 840 1968 discederem,
865 1903 979 1955 certum
995 1901 1153 1973 ratumque

129 2007 204 2084 tuit,
227 2007 465 2089 quandocunque
499 2006 607 2070 librum
638 2008 760 2072 ederem
791 2009 948 2090 disciplina
977 2007 1045 2072 Tua
1073 1990 1153 2071 haud

128 2145 253 2208 prorsus
276 2125 451 2209 indiguum,
474 2146 542 2189 eum
562 2127 600 2189 ad
617 2124 665 2191 Te
682 2126 812 2191 mittere.
841 2125 956 2191 Postea
976 2148 1051 2191 reru
1073 2125 1153 2189 baud

127 2263 188 2306 uua
209 2263 244 2307 re
266 2242 339 2306 mibi
359 2242 512 2328 probasti,
537 2263 625 2326 quam
647 2244 775 2309 amicum
798 2245 868 2308 mihi
891 2246 1065 2309 servaveris
1086 2245 1153 2308 ani-

128 2380 228 2439 mum,
252 2362 351 2444 quod,
374 2382 550 2446 quamquam
573 2383 687 2446 augere
702 2383 835 2426 amorem
851 2383 948 2425 meum
965 2385 1025 2426 uon
1042 2362 1151 2447 potuit,

127 2475 410 2544 tirmavit'auimum
430 2481 562 2565 gaudio,
587 2502 645 2564 quo
668 2503 685 2545 a
710 2480 759 2543 Te
780 2480 912 2543 amicitia
936 2481 1006 2545 Tua
1029 2482 1152 2564 dignum

127 2618 176 2662 rue
190 2597 331 2662 babitum
352 2598 427 2661 ridi.
458 2598 575 2683 Accipe
598 2620 672 2683 ergo
693 2596 832 2660 Persium
849 2619 967 2675 meum,
992 2610 1043 2674 et,
1068 2600 1153 2680 ‹pric-

126 2716 255 2797 quidde
279 2738 316 2781 eo
340 2715 506 2793 iudicabis,
538 2717 651 2779 amoris
680 2715 869 2799 integerrimi
897 2716 1004 2799 pignus
1033 2718 1150 2798 accipe.

126 2831 237 2917 Neque
261 2834 341 2898 euim
364 2843 454 2918 puto,
479 2854 601 2918 operam
623 2853 718 2896 meam
740 2832 811 2896 Tibi
834 2853 958 2917 prorsus
979 2833 1153 2898 satisfactu-

126 2964 210 3028 ram,
234 2974 300 3017 cum
316 2951 387 3015 mihi
403 2952 525 3016 minime
541 2951 726 3030 satisfaciat,
750 2951 799 3034 qui
824 2951 961 3015 absoluto
983 2972 1094 3035 opere,
1119 2964 1153 3017 ut

126 3070 193 3135 tieri
208 3069 306 3149 solet,
329 3070 440 3133 clarius
455 3070 514 3133 iam
530 3069 728 3154 perspiciam,
751 3071 820 3152 quid
836 3071 868 3133 iu
884 3090 922 3133 eo
937 3069 1152 3154 perficiendum

125 3188 245 3254 fuisset.
282 3183 330 3253 ita
358 3200 459 3253 autem
490 3187 539 3252 Te
566 3189 766 3253 iudicaturum
788 3208 900 3273 spero,
932 3200 982 3264 ut,
1014 3189 1152 3271 quamvis

126 3306 204 3371 baud
219 3326 314 3391 pauca
329 3308 461 3372 fortasse
478 3307 787 3372 minuerecteieeisse
797 3307 916 3383 videar,
933 3305 1151 3391 negligentiam

127 3437 228 3488 tamen
249 3437 281 3489 ct
300 3426 453 3509 ignaviam
476 3426 605 3490 alienam
628 3446 709 3491 aune
730 3427 823 3489 fuisse
838 3446 979 3489 censeas.
1002 3423 1103 3508 Atque
1118 3424 1151 3488 iu

92 3632 95 3637 Ι
125 3564 160 3607 re
183 3543 287 3607 critica
311 3563 349 3609 ea
371 3555 418 3608 est
440 3545 532 3627 ipsius
554 3544 712 3627 scriptoris
733 3553 823 3624 atque
845 3542 980 3604 codicum
996 3544 1093 3620 rotie,
1117 3554 1152 3606 ut

126 3662 163 3726 de
186 3662 287 3726 multis
310 3662 387 3727 lucie
408 3662 576 3725 verendum
591 3661 650 3736 sit,
674 3681 712 3724 ue
729 3678 850 3743 semper
863 3659 895 3722 iu
910 3669 1066 3743 utramque
1081 3681 1151 3745 par·

124 3789 186 3842 tem
207 3778 405 3862 probabiliter
427 3778 570 3861 disputari
592 3778 707 3862 possit,
732 3787 763 3841 et
792 3779 861 3861 quid
881 3800 988 3843 rerum
1011 3779 1070 3857 sit,
1093 3798 1150 3863 pro

125 3908 211 3960 certo
227 3896 370 3961 constitui
386 3906 526 3981 nequeat.
569 3895 715 3961 Attamen
739 3920 806 3962 cum
827 3898 958 3962 antehae
975 3918 1031 3961 uec
1047 3897 1151 3961 multis

124 4014 336 4097 perantiquis
360 4015 448 4079 codd.
473 4016 591 4079 collatis
613 4015 730 4080 incerta
752 4036 844 4102 saepe
867 4018 1027 4081 fluctuaret
1048 4016 1151 4099 dispu-

124 4132 219 4211 tatio,
257 4133 384 4197 collecto
419 4153 501 4197 uuuc
536 4135 667 4217 undique
697 4146 843 4219 apparatu
872 4135 997 4213 critico,
1034 4133 1150 4198 eertiua

124 4250 237 4335 poterit
266 4252 303 4316 de
332 4250 433 4316 multia
453 4250 545 4316 rebus
572 4251 707 4317 iudicari.
744 4252 930 4337 Quamquam
954 4252 1077 4327 nescio,
1108 4271 1149 4315 an

125 4367 197 4435 Tibi
211 4370 354 4455 probem,
376 4368 455 4453 quod
470 4380 515 4434 tot
529 4372 732 4437 recentiorum
748 4394 866 4457 quoque
889 4372 976 4437 codd.
997 4368 1149 4435 lectiones
