2574 5054
201 724 264 791 116
558 727 642 790 SAI'.
657 725 706 803 Ill,
724 732 763 793 10
778 735 874 793 -17.

203 900 386 979 ambiguitate
401 899 430 959 b.
444 920 492 960 vv.
509 901 547 960 cl.
567 897 693 979 Madvig.
709 898 745 959 atI
762 899 822 960 cte.
838 896 875 958 ‹le
890 899 957 959 liun.
973 898 1007 975 II,
1022 904 1075 973 20,
1100 904 1153 974 ut)
1169 921 1223 961 ex·

201 987 346 1065 primitur,
362 985 542 1045 membranae
558 986 691 1064 politura,
713 986 755 1045 cl.
772 985 836 1044 I'ib.
859 983 907 1056 ΙΙΙ,
925 990 953 1057 1,
971 991 1021 1049 10.
1042 986 1129 1046 blunt
1144 987 1222 1057 VIII,

200 1076 252 1143 72,
270 1076 284 1133 Ι
303 1092 346 1151 sq.
369 1071 468 1150 Capilli
483 1074 568 1132 ctiam
590 1072 655 1130 alibi
672 1069 707 1131 1ο
722 1071 880 1130 animalium
896 1071 960 1150 pilis
975 1083 1164 1150 usurpantur,
1180 1073 1220 1132 cl.

201 1156 236 1217 11.
257 1157 314 1216 Tit.
330 1154 365 1215 ad
380 1157 443 1217 Lm.
459 1156 579 1227 XXXII,
604 1162 633 1228 1,
651 1161 700 1219 10.
744 1155 787 1215 Do
803 1157 920 1215 obortis
933 1158 993 1234 agit
1014 1149 1121 1216 Plinius
1142 1157 1222 1229 XIII,

202 1248 252 1314 11,
268 1247 306 1304 21
326 1263 400 1322 sqq..
416 1240 489 1302 iulum
506 1242 541 1302 dc
557 1244 691 1312 columis,
708 1242 808 1320 quibus
824 1239 860 1299 ad
876 1240 1054 1302 scribendum
1069 1243 1223 1303 utebantur

199 1339 327 1399 veteres,
346 1327 425 1400 XVI,
449 1331 500 1399 36,
522 1331 572 1398 61,
594 1328 633 1387 cl.
656 1326 792 1386 Schwarz
814 1325 850 1386 do
872 1328 953 1386 varia
975 1326 1154 1407 supellectile
1178 1329 1222 1387 rei

200 1413 264 1473 libr.
281 1433 326 1491 ap.
349 1424 418 1483 vett.
441 1416 457 1489 §
480 1419 516 1485 7,
532 1413 720 1483 hiemando,
744 1423 775 1471 ut
788 1432 834 1471 vs.
854 1416 893 1473 11
905 1412 1036 1489 fistulo,
1060 1415 1133 1472 sicut
1147 1410 1222 1492 aputl

199 1498 329 1559 Ilarcell.
346 1499 454 1576 Empir.
474 1502 513 1561 10
529 1497 941 1576 colamiseriptoriifistalo,·
963 1501 1086 1570 nodosa,
1102 1509 1134 1557 ut
1147 1496 1222 1577 apud

200 1584 356 1643 Ausonium
378 1590 455 1663 (epp.
479 1583 528 1655 lV,
551 1588 605 1657 75)
635 1584 709 1643 nodi
733 1583 835 1642 Cnt‘dti’
859 1582 894 1642 de
924 1585 1033 1642 calamo
1063 1585 1223 1662 scriptoris.

201 1670 369 1748 Comparari
395 1679 513 1749 possunt
533 1670 660 1749 picturae
682 1670 832 1748 autiquae,
855 1687 928 1748 quae
950 1670 1136 1728 iustrumenta
1151 1671 1223 1727 scri·

201 1757 294 1833 ptoria
309 1765 543 1834 repraesentant,
565 1753 641 1813 Ilius.
659 1753 745 1813 Bnrb.
759 1753 772 1812 I
787 1764 807 1812 t.
826 1758 875 1815 12.
912 1753 956 1813 De
972 1756 1058 1813 variis
1073 1765 1223 1814 atramen-

202 1850 297 1900 torum
320 1841 474 1917 generibus
494 1861 523 1900 v.
541 1838 651 1898 Vitruv.
673 1838 736 1911 VII,
759 1843 808 1901 10.
830 1837 901 1897 Plin.
923 1840 1046 1910 XXXV,
1070 1843 1099 1910 6,
1115 1844 1157 1902 25
1174 1839 1223 1912 (cl.

202 1925 349 1995 XXXVII,
366 1931 397 1997 7,
411 1930 477 1999 28).
521 1925 575 1998 Qui
590 1925 615 1983 si
635 1924 766 1996 affirmat,
782 1944 821 1984 ex
834 1926 917 2002 sepia
934 1946 987 1984 nou
1003 1925 1066 1983 lieri
1081 1936 1223 1984 atramen-

203 2023 271 2084 tum,
286 2009 521 2071 considcrandum
537 2019 596 2081 est,
612 2029 676 2069 eum
690 2009 730 2069 ibi
745 2008 781 2069 do
797 2011 934 2087 pictorum
949 2010 1091 2070 coloribus
1107 2011 1224 2088 potissi-

203 2118 276 2156 mum
292 2116 391 2174 agere,
407 2097 556 2155 atramenti
571 2095 678 2154 librarii
686 2116 740 2154 non
756 2096 809 2155 nisi
818 2095 911 2155 obiter
925 2097 1095 2156 mentionem
1111 2096 1222 2155 lacere.

202 2181 269 2242 Nou
291 2183 380 2241 solum
401 2182 517 2241 Persius
538 2181 567 2240 h.
582 2180 614 2252 1.,
629 2178 681 2241 sed
703 2182 789 2240 etiam
809 2182 954 2241 Ausonius
977 2179 1060 2264 (epp.
1092 2179 1144 2252 IV,
1167 2185 1220 2243 71.

203 2268 267 2339 VII,
292 2273 344 2341 51)
374 2278 515 2327 testantur
544 2267 624 2345 sepia
646 2268 797 2345 scripsisse
826 2267 967 2346 antiquos.
1012 2266 1146 2325 biorosus
1174 2266 1224 2324 illc

203 2356 291 2432 igitur
305 2354 422 2431 priunum
442 2354 523 2411 nimis
538 2370 670 2411 crassum
695 2353 842 2411 humorem
864 2352 978 2411 colurno
1005 2352 1132 2410 haerere
1154 2369 1224 2430 que·

203 2441 286 2510 uitur,
301 2449 358 2497 tum
374 2457 447 2518 aqna
461 2439 555 2497 inlusa
570 2438 651 2496 uimIs
672 2436 802 2516 pallidum
824 2438 929 2496 luctum
945 2447 975 2496 et
988 2446 1137 2515 tantopere
1152 2434 1225 2495 diln-

204 2535 261 2583 tum
277 2543 354 2595 esso,
370 2533 400 2583 ut
415 2535 509 2602 guttas
524 2521 663 2581 distillans
678 2523 801 2583 calamus
818 2523 943 2582 chartam
958 2523 1090 2583 maculet.
1128 2523 1225 2591 Miser

205 2609 242 2669 tle
257 2630 303 2680 eo,
319 2609 365 2689 qui
381 2629 469 2691 prava
485 2608 603 2667 stultitia
619 2608 740 2679 laborat,
757 2619 788 2667 ut
802 2629 830 2666 v.
847 2610 898 2679 66,
916 2612 986 2670 107.
1001 2608 1039 2678 V,
1056 2610 1114 2678 65,
1131 2605 1224 2666 Grae·

205 2697 248 2754 cis
262 2691 364 2764 τάλας,
382 2713 409 2753 e.
432 2714 460 2772 g.
476 2694 592 2753 Arriam.
613 2691 683 2751 diss.
705 2693 753 2764 III,
768 2698 799 2765 2,
816 2696 853 2763 0,
872 2696 920 2755 16.
945 2693 1026 2751 ultro
1048 2693 1137 2751 maier
1150 2693 1171 2750 ἰ.
1194 2710 1223 2751 e.

205 2780 317 2858 lougius
340 2781 473 2839 miseriae
495 2798 678 2858 progressus.
706 2778 768 2850 I'u,
789 2780 879 2857 iuquit
893 2788 995 2856 poeta,
1015 2798 1052 2836 ea
1066 2779 1178 2837 ratiorm
1194 2788 1223 2836 te

205 2868 303 2945 geris,
326 2884 398 2943 quae
424 2866 560 2924 infantem
583 2861 668 2923 dccet
688 2861 855 2935 delibatum,
871 2884 951 2934 nam,
966 2862 1039 2942 quod
1055 2865 1095 2921 ait
1110 2862 1225 2922 Seneca

207 2950 255 3022 (de
270 2952 313 3009 ira
328 2950 363 3021 II,
378 2955 443 3024 21),
459 2949 526 3008 nihil
542 2950 631 3026 magis
648 2949 717 3007 lacit
732 2946 892 3020 iracundos,
908 2968 990 3029 quam
1006 2946 1137 3008 educatio
1152 2948 1225 3007 mol·

206 3038 241 3096 lis
257 3047 287 3095 ct
309 3034 428 3106 blanda,
448 3033 512 3094 ideo
534 3035 624 3093 unicis
640 3054 695 3113 quo
710 3035 773 3113 plus
788 3034 965 3113 indulgetur,
987 3033 1152 3112 pupillisque
1168 3052 1224 3113 quo

207 3122 269 3201 plns
292 3121 375 3192 licet,
401 3122 561 3199 corruptior
582 3120 690 3179 animus
713 3131 773 3190 est,
804 3140 860 3180 non
880 3121 999 3179 resistet
1019 3119 1154 3190 offensis,
1177 3120 1225 3179 cui

206 3207 274 3267 nibil
289 3227 408 3286 unquam
425 3216 557 3284 negatum
572 3215 633 3275 est,
655 3205 702 3264 cui
717 3206 847 3264 lacrimas
869 3225 983 3282 semper
997 3204 1120 3263 sollicita
1133 3215 1227 3263 mator

207 3294 352 3363 abstersit,
368 3293 413 3351 cui
428 3289 463 3351 de
479 3289 646 3370 paedagogo
661 3291 838 3350 satisfactum
854 3302 907 3351 est.
924 3290 1010 3350 Tales
1027 3299 1092 3348 sunt
1105 3308 1224 3367 regum,

207 3378 320 3438 divitum
343 3397 377 3436 ac
392 3396 540 3456 procerum
557 3382 595 3449 (v.
611 3373 647 3433 ad
663 3377 684 3444 I,
701 3379 751 3438 67.
767 3375 801 3445 ΙΙ,
817 3381 870 3450 37)
884 3378 984 3452 pueri,
1002 3375 1040 3433 cl.
1053 3375 1120 3434 Ilor.
1136 3394 1224 3434 carm.

206 3464 242 3536 Il,
260 3467 309 3533 18,
325 3467 376 3524 34.
392 3462 446 3520 Ilio
463 3461 566 3540 Chrys.
582 3479 624 3519 or.
640 3460 703 3520 XL.
718 3482 746 3541 p.
763 3466 835 3533 511,
850 3472 870 3519 t.
887 3461 912 3519 ΙΙ
927 3480 953 3538 p.
970 3465 1032 3523 205
1048 3459 1098 3518 tt:
1121 3456 1226 3519 uultui

209 3545 373 3625 κατεγέλων
384 3548 437 3620 τῆς
450 3542 564 3615 πόλεως
577 3578 620 3591 -
639 3543 845 3630 διαφερούσης
859 3541 949 3605 οὐδὲν
969 3540 1045 3604 κατὰ
1057 3540 1112 3618 τὴν
1125 3538 1225 3625 ἀφρο-

209 3629 301 3706 σύνην
312 3633 373 3691 τῶν
383 3630 501 3691 παίδων
514 3631 573 3689 ruia
585 3628 744 3709 βασιλέων.
782 3632 818 3691 Ili
832 3628 941 3690 blandis
957 3630 1112 3689 nominibus
1128 3629 1226 3688 vocari

208 3719 319 3790 solent,
340 3717 423 3797 quale
446 3727 491 3777 ost
506 3716 658 3788 columbo,
681 3736 708 3776 v.
726 3716 815 3776 Plaut.
831 3716 913 3777 Asin.
928 3716 976 3788 III,
994 3720 1022 3786 3,
1041 3718 1111 3777 103.
1129 3714 1224 3773 Casia.

208 3804 298 3874 1,60.
325 3805 437 3862 Teucro
459 3803 497 3861 cl.
514 3800 653 3872 at1,98.
687 3801 814 3861 Infantes
843 3803 937 3861 Iructa
965 3819 1036 3861 voce
1066 3799 1225 3858 balbutien-

208 3900 254 3948 tes
279 3906 362 3967 papo
395 3885 492 3948 dicunt
528 3907 584 3945 uon
613 3898 723 3964 patrem
753 3889 860 3960 solum,
898 3885 950 3947 sed
980 3886 1071 3946 cibum
1100 3904 1225 3965 quoque,

210 3984 241 4033 ut
261 3971 345 4033 docet
364 3972 441 4033 Nou.
466 3994 490 4032 s.
513 3993 540 4030 v.
571 3971 663 4044 tuas,
701 3974 843 4052 potionem
885 3973 1005 4051 positam
1035 3971 1225 4049 parvulorum.

209 4059 303 4119 Varro
319 4058 388 4117 Cato
402 4059 449 4118 vel
464 4056 500 4117 de
522 4056 619 4115 liberis
640 4056 810 4118 educandis:
842 4078 904 4117 cum
927 4056 1018 4116 cibum
1034 4077 1067 4115 ac
1083 4058 1226 4134 pollucem

210 4144 281 4203 buas
304 4163 338 4202 ac
359 4164 445 4223 papas
468 4142 572 4202 docent
600 4140 719 4217 (dicunt)
742 4155 772 4204 et
791 4152 908 4203 matrem
930 4162 1092 4212 mammam,
1116 4150 1226 4220 patrem

211 4239 308 4288 tetam.
336 4227 403 4288 Inde
418 4229 533 4288 verbum
552 4246 670 4306 paparo
690 4230 811 4301 laetum,
827 4249 882 4308 quo
898 4231 984 4287 utitur
999 4227 1114 4286 Plautus
1131 4223 1225 4304 (Epio.

211 4313 250 4385 V,
261 4318 292 4383 2,
308 4318 378 4387 62),
402 4313 504 4384 „Novo
520 4314 621 4373 liberto
633 4334 704 4393 opus
719 4325 775 4386 est,
796 4312 870 4393 quod
885 4321 1012 4393 papet;“
1027 4314 1065 4371 cl.
1082 4312 1171 4390 gloss.
1189 4310 1223 4369 II.

214 4397 313 4476 Stepb.
335 4419 363 4478 p.
389 4403 449 4462 152
461 4410 596 4478 poppae,
619 4400 762 4474 μασᾶται.
808 4401 974 4471 Maitutum,
1002 4399 1068 4478 quia
1089 4394 1228 4458 eiusmodi
