2574 5054
465 732 550 795 ssr.
565 733 602 806 v,
618 736 660 796 m
673 682 717 779 -ἷ
731 736 783 797 so.
1063 727 1125 798 sor

102 902 274 965 rhemum
292 901 387 965 Porcii
407 902 541 965 Latronis
556 903 709 984 discipulos
724 904 862 963 cuminum
877 905 1014 965 sumsisse
1028 917 1126 966 narrat

102 986 175 1049 Ptin.
190 988 257 1062 XX,
275 994 326 1062 tt,
341 995 392 1053 57.
420 993 561 1050 quenum
584 990 698 1061 cultor,
725 989 761 1048 ah
784 1009 854 1068 agro
877 991 924 1070 qni
939 990 1058 1062 colitur,
1071 988 1124 1052 de·

100 1084 195 1135 sumta
209 1075 350 1154 imagine,
371 1095 454 1155 quam
468 1077 496 1135 in
511 1077 618 1135 ceteris
634 1091 745 1155 quoque
760 1076 908 1154 exprimit,
931 1095 993 1135 uam
1005 1095 1123 1153 purgo·

102 1168 154 1220 tae
166 1178 274 1232 eures,
289 1179 363 1241 quae
378 1161 434 1221 alio
450 1181 538 1240 saepe
553 1159 684 1221 dicuntur
699 1166 739 1234 (v.
751 1164 821 1233 86),
836 1160 882 1221 hic
896 1159 933 1220 ad
947 1161 1010 1239 agri
1024 1161 1122 1221 simili·

100 1242 225 1305 tudinem
246 1243 345 1307 dictae.
363 1256 447 1319 suut,
469 1252 515 1327 qui
531 1257 684 1325 purgatur,
708 1256 740 1305 nt
760 1265 858 1306 semen
873 1248 999 1326 excipiat
1012 1256 1041 1305 et
1055 1265 1121 1326 pro-

101 1330 187 1391 terna
208 1331 310 1408 linge
328 1332 503 1404 Cleanthea,
516 1328 645 1391 doctrina
660 1331 824 1401 stoicorum,
839 1351 956 1412 quorum
970 1331 1121 1411 primarius

100 1414 255 1476 Cleanthes
270 1417 339 1488 luit,
356 1419 463 1477 mseras
478 1436 580 1489 aures,
595 1417 711 1475 insolita
725 1426 884 1489 structura,
899 1436 983 1497 quam
998 1418 1023 1477 si
1038 1415 1120 1477 codd.

99 1500 249 1581 aquaria,
278 1502 363 1562 etiam
385 1502 487 1563 Cicero
513 1501 639 1561 adhibuit
661 1499 709 1575 (de
730 1503 806 1559 univ.
831 1506 899 1574 12)=
928 1501 996 1561 Cum
1026 1513 1119 1563 nutem

98 1586 200 1647 animis
215 1604 338 1666 corpora
354 1586 526 1662 (emendante
542 1589 654 1646 uncinos
669 1587 854 1666 corporibus)
867 1607 930 1647 cum
945 1589 1119 1649 necessitate

97 1670 268 1745 inuenisset,
295 1671 370 1773 guod
399 1670 512 1733 Graece
542 1671 645 1732 dictum
675 1682 721 1731 est
744 1671 827 1746 (Plat.
849 1671 922 1733 Tim.
945 1693 973 1752 p.
994 1677 1037 1735 42
1051 1672 1118 1745 Aa:

98 1751 190 1816 ὁπότε
211 1751 249 1831 δὴ
272 1776 409 1835 σωμασιν
431 1753 647 1836 ἐμφυτευθεῖεν
667 1753 699 1827 ἐξ
722 1745 865 1835 ἀνάγκης.
895 1757 962 1819 Alia
976 1758 1119 1837 significa·

98 1841 178 1902 tione
191 1862 219 1902 v.
235 1843 343 1902 emera
356 1844 433 1922 oepit
444 1842 631 1921 Augustinus,
647 1844 694 1922 qui
709 1844 865 1903 imitatione
879 1841 963 1903 huius
978 1844 1034 1903 loci
1049 1842 1119 1903 dixit

98 1933 177 2007 (epp.
194 1926 311 1988 CXVIII
326 1939 346 1986 t.
362 1927 387 1988 II
403 1949 430 2006 p.
446 1931 508 1990 329
524 1928 624 2000 Ben.):
647 1927 704 1987 I’ot
723 1927 819 2004 legisti
835 1926 983 2008 dialogos,
998 1940 1042 1988 tot
1055 1929 1118 2008 phi·

99 2011 281 2091 loeophorum
295 2013 527 2074 altercationibus
542 2033 594 2072 cor
608 2014 780 2087 imerooo'5
806 2014 861 2073 nisi
875 2013 914 2074 ihi
929 2016 1065 2075 insevisti
1076 2015 1119 2076 le·

96 2096 221 2176 gendum
242 2108 298 2159 est.
327 2096 463 2159 Similiter
482 2096 550 2158 dicit
568 2098 701 2158 Ilorafius
718 2105 795 2177 (epp.
811 2097 833 2170 I,
851 2103 880 2171 1,
894 2103 966 2172 40),
988 2100 1117 2162 culturae

98 2182 212 2244 facilem
241 2184 382 2262 praehere
409 2203 524 2256 aurem,
559 2182 715 2264 eademque
745 2185 866 2262 imagine
899 2186 986 2244 utitur
1013 2185 1117 2245 Cicero

98 2267 217 2343 (luscc.
234 2269 269 2340 II,
281 2274 310 2341 5,
321 2274 390 2343 13)=
407 2270 523 2329 Cultura
537 2269 621 2328 animi
636 2268 814 2347 philosophia
829 2280 890 2341 est,
905 2269 978 2330 hacc
992 2271 1118 2331 extrahit

49 2391 54 2399 -
96 2354 166 2413 uitia
181 2352 314 2415 radicitus
329 2366 360 2415 et
379 2366 532 2434 praeparat
553 2355 661 2413 animos
683 2352 719 2414 ad
734 2363 813 2414 satus
829 2355 1010 2434 accipiendos
1026 2375 1118 2436 eaque

96 2437 211 2499 mandat
224 2440 277 2512 iis,
301 2450 348 2513 et,
364 2451 395 2499 ut
409 2443 449 2499 ita
463 2438 568 2510 dicam,
583 2441 668 2512 serit,
684 2459 756 2520 quae
772 2438 867 2499 adulta
882 2441 992 2501 fructus
1008 2443 1119 2502 uberri-

96 2544 159 2583 mos
174 2526 281 2585 lerant.
303 2528 398 2586 Petite
410 2526 478 2585 deice
486 2567 496 2595 ‚
513 2545 551 2586 ex
564 2525 757 2604 philosophia,
773 2527 949 2603 r'mrenesque
961 2546 1115 2606 senesque,

96 2629 196 2670 omnes
219 2612 270 2685 (cl.
287 2609 356 2672 Seu.
371 2610 407 2671 do
422 2613 466 2669 Ira
479 2610 515 2683 II,
530 2614 560 2673 9.
583 2609 667 2669 Mart.
683 2609 706 2683 I,
721 2615 751 2682 3,
768 2615 797 2673 5.
812 2610 875 2681 VII,
891 2615 944 2683 35,
959 2618 989 2675 5.
1005 2617 1057 2683 71,
1073 2618 1116 2686 5),

84 2695 183 2774 firrem
205 2697 302 2756 calmo
324 2707 434 2756 certum
457 2695 516 2770 (III,
532 2699 584 2767 60)
606 2697 777 2774 miserisque
794 2698 902 2756 erotica
917 2699 1000 2757 cents
1009 2741 1020 2770 ,
1041 2696 1115 2778 quod

96 2777 164 2841 Bias
179 2779 250 2840 dixit
265 2780 352 2859 (apud
365 2781 450 2861 Diog.
465 2780 502 2841 L.
517 2780 539 2853 I,
555 2787 586 2853 5,
601 2784 671 2854 SOI:
690 2775 838 2859 Ἑφόδιον
853 2775 912 2841 ἀπὸ
924 2777 1061 2855 νεότητος
1075 2781 1117 2854 εἰς

94 2866 192 2947 γῆρας
212 2861 401 2944 ἀναλάμβανε
422 2864 552 2943 σοφίαν,
575 2866 622 2927 vel
643 2866 818 2926 Aristoteles
842 2864 928 2945 (apud
942 2866 1062 2926 eundem
1077 2866 1115 2939 V,

99 2955 229 3022 11,21)=
252 2948 408 3011 κάλλιπον
427 2947 553 3028 ἐφόδιον
570 2952 614 3028 τῷ
637 2946 716 3032 γήρᾳ
739 2947 757 3023 ἡ
772 2948 911 3022 παιδείας
934 2961 965 3010 et
985 2954 1116 3014 similitor

96 3036 161 3107 alil,
176 3037 216 3095 cf.
231 3035 384 3116 Wyttenh.
403 3034 438 3094 ad
454 3036 526 3095 Plut.
541 3034 578 3095 de
593 3032 675 3095 educ.
692 3053 774 3113 puer.
791 3055 818 3112 p.
828 3039 847 3096 8
857 3036 889 3094 C.
912 3035 969 3095 Iam
984 3057 1022 3098 ex
1036 3057 1114 3098 more

95 3140 149 3180 suo
170 3120 311 3200 dialogum
334 3122 452 3181 iustituit
471 3140 534 3180 cum
557 3118 694 3179 eiusmodi
715 3120 845 3192 homiue,
867 3122 914 3200 qui
936 3141 1008 3202 quae
1031 3121 1115 3183 hodie

94 3204 207 3284 agenda
226 3218 309 3279 sunt,
331 3226 445 3285 semper
459 3206 488 3265 in
502 3206 654 3265 crastinum
670 3203 744 3264 diem
760 3203 868 3277 dillert,
893 3208 1003 3285 qualem
1020 3208 1114 3267 laceto

94 3289 222 3371 depingit
236 3292 375 3352 Martialis
389 3292 427 3363 V,
444 3296 495 3354 58.
523 3291 591 3350 Cum
608 3291 655 3350 ille
670 3289 789 3349 dixisset
803 3309 873 3349 cras
885 3292 1005 3371 hocflet
1013 3335 1023 3364 ,
1039 3290 1115 3373 quod

93 3397 208 3456 semper
222 3379 249 3436 iu
265 3397 316 3437 ore
332 3379 471 3437 hominnm
488 3375 581 3450 (ovid.
597 3395 667 3437 uem.
683 3396 737 3434 arn.
756 3379 832 3438 104:
849 3375 974 3436 Dicimus
990 3378 1114 3450 assidue,

94 3481 161 3522 cras
176 3483 287 3543 quoque
302 3463 352 3522 fiet
367 3462 451 3522 idem.
476 3461 594 3521 Petron.
611 3467 668 3524 45:
692 3459 774 3534 Quod
794 3459 879 3522 hodie
895 3482 950 3521 nou
966 3472 1026 3534 est,
1047 3483 1113 3523 eras

93 3550 180 3619 erit),
202 3550 272 3607 satis
288 3548 393 3607 acerbe
409 3546 564 3625 respondet
584 3556 687 3626 pocta:
711 3547 786 3605 idem
809 3566 879 3605 eras
890 3547 970 3625 fiet,
994 3545 1069 3627 qnod
1083 3559 1114 3609 tu

94 3632 180 3693 hodie
202 3632 291 3706 dicis,
312 3653 378 3693 cras
399 3652 510 3713 quoque
532 3631 657 3691 dicturus
680 3652 726 3693 es.
758 3631 809 3690 cut
824 3632 890 3692 illes
914 3633 1011 3708 Quid,
1027 3637 1116 3712 quusi

93 3736 232 3794 magnum
239 3762 251 3791 ,
273 3738 375 3797 nempe
395 3720 488 3790 dcem,
512 3719 627 3777 donas?
649 3717 695 3776 uhi
711 3737 748 3776 ex
762 3717 987 3795 negligentiore,
1002 3739 1057 3798 qno
1072 3720 1113 3781 uti

93 3803 234 3875 solemus,
257 3823 389 3864 sermone
411 3801 466 3861 duo
481 3805 630 3862 enunciata
648 3805 774 3862 inunum
790 3804 1005 3862 conilatasunt:
1030 3802 1113 3877 Quid,

91 3890 173 3969 quasi
189 3909 317 3967 magnum
333 3890 385 3960 sit,
408 3888 474 3947 mihi
495 3886 604 3947 donas?
631 3907 732 3966 nempe
748 3885 821 3946 diem
836 3886 936 3947 dones.
966 3890 1028 3947 Sed
1048 3909 1112 3949 eum

92 3974 146 4033 lum
165 3974 264 4034 altera
283 3977 381 4046 venit,
404 3975 571 4032 hesternum
589 3992 676 4046 cras,
698 3970 773 4051 quod
789 3984 816 4030 tu
832 3971 969 4032 hesterno
984 3972 1030 4032 die
1045 3994 1112 4034 cras

91 4059 260 4138 appellasti,
279 4060 338 4118 rem
360 4060 569 4118 consumsimus
593 4063 631 4132 (v.
648 4062 720 4129 41),
743 4057 783 4117 ci.
806 4056 875 4116 Seu.
898 4058 977 4118 hrev.
1000 4060 1049 4118 vit.
1072 4063 1111 4124 9:

91 4144 264 4217 ,hminum
278 4143 391 4204 vivendi
405 4142 631 4222 impedimentum
646 4153 693 4201 est
706 4144 902 4219 exspectatio,
917 4163 990 4223 quae
1005 4143 1111 4224 pendet

91 4248 130 4290 ex
144 4233 281 4290 crastino.
304 4227 404 4291 Perdis
420 4227 595 4300 hodiernum,
615 4224 688 4307 quod
704 4228 731 4286 in
747 4247 828 4286 mauu
844 4228 976 4289 fortunae
990 4231 1110 4309 positum

91 4325 154 4387 est,
174 4315 319 4395 disponis,
342 4311 459 4394 quadiu
475 4325 538 4386 tua,
560 4312 707 4373 dimittis.“
740 4314 864 4392 Semper
877 4314 1058 4390 alsiodorus,
1081 4317 1110 4376 iu

91 4399 166 4480 quod
179 4403 293 4480 incepta
308 4398 440 4472 differas,
455 4401 509 4459 los
521 4418 614 4459 annos
628 4398 744 4475 egerit,
765 4399 846 4479 qnasi
861 4399 1005 4479 fugientes
1020 4402 1110 4480 impu·

530 4638 828 4736 fln—
