2574 5054
449 737 804 803 enotuuuutttts.
1086 759 1143 804 -ccr

114 911 262 996 obsignas
276 928 331 991 pro
345 909 500 972 uorans.
522 905 652 974 Maioris
666 907 909 994 interpolationis
923 919 1079 977 tentancn
1096 920 1145 975 est

117 1007 161 1088 ll,
183 1011 285 1094 ssa,
318 1010 367 1074 ubi
395 1010 487 1092 legite
509 1010 633 1097 ,meae
657 1031 775 1074 merum
799 1012 915 1095 genio,
944 1014 976 1074 si
995 1020 1030 1075 tu
1045 1033 1144 1097 prece

111 1114 224 1199 poscis
238 1115 346 1190 amici,
368 1111 454 1194 Quos
466 1133 529 1175 non
542 1111 681 1176 seductis
694 1133 830 1198 nequeas
846 1114 1034 1176 committere
1049 1112 1141 1191 diues,

113 1216 159 1278 ita
173 1223 208 1278 ut
222 1216 465 1279 emendationem
481 1214 627 1299 perlicere
643 1235 705 1278 uon
723 1215 865 1299 potuerit.
885 1212 1051 1279 Praeterea
1068 1213 1143 1279 mol·

114 1328 164 1382 tas
186 1315 334 1381 lectiones
356 1316 448 1381 babet
469 1317 546 1381 mire
567 1326 744 1402 corruptas,
770 1317 915 1381 monstris
936 1317 1086 1380 interdum
1101 1317 1143 1381 si-

115 1419 204 1483 miles
227 1419 275 1499 (c.
291 1439 323 1502 g.
347 1415 404 1499 lll,
428 1416 482 1486 58.
508 1416 581 1487 115.
607 1412 649 1494 V,
667 1416 717 1482 54.
733 1415 787 1482 99.
806 1416 901 1502 184),
932 1428 965 1481 ut
986 1429 1142 1503 appareat,

116 1520 301 1606 descriptum
319 1539 388 1584 esse
404 1520 471 1585 cod.
487 1542 529 1585 ex
543 1520 715 1604 antiquiore
732 1518 840 1582 difficili
854 1520 955 1597 lectu,
980 1541 998 1583 a
1018 1521 1142 1585 librario

116 1622 405 1707 negligentiaeque
428 1633 516 1708 atque
539 1623 692 1709 imperito.
737 1619 789 1686 Ne
812 1621 996 1706 sicquidem
1019 1642 1143 1708 prorsus

115 1723 320 1808 negligendus
336 1735 391 1788 est

204 1823 318 1888 Horum
342 1825 431 1890 codd.
461 1823 662 1890 Deruensium
691 1825 883 1889 collationem
912 1824 949 1889 ad
979 1823 1142 1889 editionem

114 1925 250 1994 Weberi
266 1923 369 2011 (Lips.
389 1925 487 2009 18211)
508 1926 565 1990 sibi
582 1929 690 1991 laetam
706 1926 916 1992 liberalissime
932 1926 1002 1990 mibi
1019 1927 1144 1993 donavit

116 2025 242 2094 Deruae
258 2027 395 2093 versanti
410 2025 448 2092 C.
467 2026 506 2092 G.
524 2026 736 2095 bliillerus.

342 2231 449 2283 Codices
469 2231 641 2284 bibliothecae
659 2231 916 2284 Berolinensis.

202 2362 280 2430 Cod.
299 2388 331 2430 ιι.
349 2365 390 2431 39
405 2369 480 2450 (Br.
500 2368 549 2454 l),
575 2369 770 2444 chartaceos,
797 2369 893 2430 icrma
915 2365 1046 2430 maxima
1063 2366 1142 2431 loliis
1159 2374 1237 2428 Ital

116 2464 156 2530 13
171 2470 323 2552 scriptus,
349 2490 430 2534 saec.
447 2467 524 2547 XV,
549 2493 616 2537 cum
632 2470 769 2533 scholiis.
801 2465 924 2532 Contuli
939 2490 969 2531 a.
988 2464 1083 2532 1834.

201 2567 279 2634 cod.
298 2592 330 2633 ιι.
347 2569 390 2634 38
405 2571 479 2651 (Βν.
496 2572 551 2653 2),
576 2572 776 2649 chartaceus,
801 2572 897 2634 forma
912 2570 1057 2647 maxima,
1074 2589 1141 2654 pes·
1158 2578 1240 2634 Μ

113 2672 191 2736 sime
214 2673 356 2755 scriptus.
396 2669 515 2735 Desinit
538 2673 571 2736 iu
594 2683 652 2738 sat.
676 2669 719 2750 V,
745 2669 819 2736 153.
856 2671 1022 2756 Adscripta
1052 2672 1143 2736 habet

113 2772 245 2838 scholio.
274 2771 398 2838 Contuli
414 2793 444 2836 ι.
464 2772 557 2838 1835.

202 2871 282 2939 Cod.
300 2896 330 2938 n.
348 2874 370 2940 2
391 2876 465 2957 (ur.
484 2875 537 2961 3),
562 2876 829 2954 membranaceus,
861 2877 959 2940 forma
982 2876 1139 2957 quadrata,
1160 2886 1238 2940 Brut

113 2996 200 3040 saec.
215 2973 279 3039 ΧΠ
294 2979 344 3042 vel
359 2975 450 3057 Xlll,
474 2990 596 3062 praeter
616 2978 676 3043 alie
699 2978 791 3041 babet
805 2975 903 3041 Persii
920 2979 1030 3042 satiras
1047 2977 1141 3040 uitidc

113 3079 265 3164 scriptas,
292 3081 395 3162 paucis
410 3082 506 3164 iisque
524 3080 642 3144 usitatis
658 3079 854 3163 compendiis.
880 3075 969 3161 Quod
985 3079 1023 3142 ad
1039 3077 1141 3140 ortho-

114 3180 270 3263 graphiam
290 3182 421 3259 attinet,
451 3203 573 3267 semper
593 3183 736 3265 scriptum
760 3191 808 3245 est
828 3202 845 3243 e
868 3200 921 3264 pro
937 3200 994 3256 oe,
1019 3200 1075 3256 ue,
1100 3180 1145 3240 mi

114 3281 273 3369 promidi,
290 3281 391 3345 nichil
403 3303 458 3368 pro
471 3281 563 3346 nibil.
584 3280 812 3368 Aspiratiouem·
826 3304 906 3346 nunc
922 3282 1032 3345 omittit
1048 3301 1141 3364 prave

116 3387 259 3466 (acciae,
284 3406 374 3448 araur
388 3389 498 3461 cett),
524 3406 603 3449 nunc
620 3386 703 3469 ponit
717 3384 848 3469 (horca,
871 3383 1013 3448 horestes
1027 3383 1138 3464 cett),

112 3487 220 3551 scribit
243 3496 395 3572 temptas,
418 3507 563 3571 sompnus
583 3489 669 3564 sim,
693 3507 856 3564 recursus,
880 3487 1056 3550 millessime
1071 3484 1139 3548 sim.

114 3586 245 3653 Glossae
261 3611 278 3653 a
296 3589 425 3653 diversis
446 3589 583 3652 manibus
605 3590 743 3654 adiectae
764 3589 882 3653 suntin
897 3589 1034 3673 margine
1050 3598 1139 3670 atquc

114 3692 198 3755 iuter
215 3692 325 3755 lineas.

202 3791 280 3857 Ccd.
299 3815 330 3856 ιι.
347 3791 454 3878 9(Βι·.
471 3791 525 3877 4),
549 3792 743 3870 chartaceus,
761 3793 858 3857 forma
874 3791 1036 3876 quadrata,
1053 3809 1138 3853 saec.
1156 3802 1237 3854 Bet

114 3891 206 3971 XVI,
231 3895 492 3979 negligentissime
507 3895 649 3979 scriptus.
674 3892 794 3959 Desinit
810 3896 839 3957 in
856 3904 915 3958 sot.
933 3891 990 3967 vl,
1008 3889 1061 3955 ⁶20.

202 3995 279 4060 Cod.
298 4020 329 4060 ιι.
347 3995 390 4060 49
406 3995 477 4076 (Br.
494 3995 548 4078 5),
566 3997 764 4074 chartaceus,
783 3999 877 4061 lorma
893 3995 1041 4073 maximo,
1059 3993 1140 4057 eius·
1157 4009 1236 4061 Iti-‚5

117 4100 184 4164 dem
203 4101 367 4184 temporis,
392 4100 445 4162 sed
462 4099 631 4164 accuratius
646 4101 786 4185 scriptus.

202 4198 280 4264 Cod.
300 4224 331 4264 ιι.
347 4200 390 4266 DD
406 4197 549 4281 (Bes),
577 4202 776 4281 chartaceus,
810 4204 904 4265 forma
928 4200 1071 4263 maxilua.
1102 4194 1138 4260 1ιι
1158 4215 1236 4268 Μ

115 4304 174 4366 bue
189 4304 318 4386 legitur:
349 4302 439 4366 Finit
451 4302 580 4366 Persius
594 4314 750 4369 exaratus
764 4306 804 4368 ab
824 4303 994 4367 Artabrusiu
1014 4302 1138 4365 nllus-raiz

115 4406 148 4468 iu
164 4404 290 4470 Sueltiie
305 4404 420 4490 oppidu
435 4426 516 4467 uranu
530 4405 592 4469 Dm
610 4404 703 4469 1512.
726 4405 898 4490 Diligenter
912 4405 1044 4487 scriptus
1060 4412 1119 4466 est.
