2574 5054
130 783 234 824 suun
457 745 820 829 rnounoounuu.

212 929 301 998 lland
315 931 413 997 minus
429 943 515 997 arcto
529 933 652 999 vinculo
668 937 847 1002 coniunctus
865 935 922 1001 luit
939 932 1070 1003 Persius
1083 939 1152 1005 aliis

127 1033 300 1112 iuvenibus,
317 1036 366 1117 qni
381 1036 487 1099 eodem
504 1046 638 1122 tempore
652 1049 736 1103 casto
751 1049 842 1122 atque
856 1040 1035 1124 incorrupto
1049 1041 1150 1106 auimo

127 1147 211 1202 artes
223 1128 548 1222 'ingenuas-nolebant,
570 1160 697 1223 quornm
712 1162 731 1206 a
745 1141 841 1225 prima
855 1141 1062 1209 adolescentia
1076 1147 1151 1209 ami·

127 1259 182 1305 ooo
203 1239 308 1304 habuit
329 1237 472 1305 Caesium
496 1237 626 1306 Bassum
642 1253 673 1306 ct
689 1239 895 1329 Calpurnium.
931 1241 982 1309 Dc
1003 1242 1150 1312 Caesio

126 1338 276 1420 Basso,
301 1354 390 1428 poeta
413 1344 509 1430 lyrico
531 1343 697 1408 secundnm
718 1343 899 1429 Quintiliani
920 1347 1062 1413 indicium
1082 1360 1152 1434 post

127 1440 287 1511 Horatium
302 1447 459 1532 principe,
484 1446 593 1511 dictum
610 1447 669 1511 iam
685 1459 733 1513 est
754 1448 806 1532 (ad
823 1460 882 1515 sat.
899 1447 958 1526 VI,
975 1450 1020 1514 in.
1037 1473 1068 1537 p.
1084 1449 1148 1517 211

127 1547 210 1633 sqq.)
228 1555 258 1627 ¹,
281 1550 366 1632 isque
382 1561 501 1615 mortno
516 1547 646 1629 Persio,
670 1572 737 1615 oum
751 1552 902 1618 amicitiae
917 1553 1000 1618 inter
1013 1573 1071 1618 eos
1084 1574 1149 1618 mn·

500 1739 753 1794 KorPNouwt’

542 1809 688 1860 JATPou‘

499 1879 575 1929 ΚΑΙ
587 1876 780 1931 ΡΟΊΨΙΝΗΟ

545 1946 741 1999 OYPATPOO

160 2029 234 2082 qnam
251 2020 355 2066 anctore
373 2013 470 2066 Smetio
489 2014 571 2066 edidit
588 2014 696 2068 Gruter.
720 2015 792 2081 (633,
812 2014 854 2082 9),
884 2014 1028 2068 ePleoarti
1047 2018 1149 2069 schedia

160 2083 268 2150 Ruperti
286 2099 341 2134 enm
360 2082 480 2136 llelnesiu
497 2085 732 2137 communicaverat
748 2085 816 2153 (epp.
834 2082 884 2137 347
902 2101 928 2137 ι.
949 2086 1023 2152 tot),
1042 2087 1076 2137 ad
1088 2086 1150 2138 Cor·

162 2152 1149 2275 lltttltztllttt“l‘ttottl‘ttltti{stultiut,litt

161 2298 237 2357 atque
254 2238 372 2357 peiltiam
395 2260 507 2357 sorum:
526 2306 593 2358 qune
618 2292 650 2344 ad
675 2298 757 2344 artem
774 2292 899 2344 medies·
917 2299 944 2344 et
960 2294 991 2360 pi
1013 2240 1148 2358 slologian

179 2360 309 2425 ertinont,
336 2361 362 2411 in
382 2360 471 2414 Persio
488 2361 666 2427 observatam,
691 2361 856 2429 repetendam
875 2375 941 2414 esse.
967 2309 1012 2415 (il
1029 2360 1149 2426 llaister,

161 2377 239 2509 letnte
259 2427 368 2481 Studien
387 2445 412 2498 p.
433 2430 482 2483 lod
495 2446 549 2498 sqq.

128 2531 141 2586 l
160 2531 208 2583 llic
225 2532 376 2607 monendum
395 2532 458 2585 milri
472 2540 528 2597 est,
546 2533 651 2586 eandem
665 2549 739 2601 qnam
753 2548 799 2598 ego
812 2532 843 2584 de
861 2532 979 2586 Caesio
997 2540 1024 2584 et
1039 2530 1149 2584 Gavio

158 2600 268 2653 Basso
286 2602 381 2669 protuli
400 2604 591 2667 coniecturum,
615 2604 666 2655 iana
690 2618 748 2655 esse
771 2603 961 2670 pronuntiatam
986 2617 1002 2653 a
1025 2600 1150 2654 benonin

158 2669 299 2734 (Zeitselrr.
320 2671 339 2724 i.
358 2672 471 2724 Altertlr.
490 2672 574 2724 Wiss.
591 2673 656 2725 tato
668 2689 693 2740 p.
708 2673 756 2725 tto
768 2687 808 2738 sq.
827 2671 921 2739 Spraeh
942 2672 1017 2723 iilos.
1031 2672 1057 2722 d.
1071 2671 1149 2723 Attea

159 2737 194 2791 ΙΙΙ
211 2756 235 2807 p.
257 2741 306 2793 lid
319 2741 406 2808 sqq),
434 2742 500 2807 qnod
525 2757 565 2793 me
587 2749 649 2793 tnnc
675 2741 771 2806 legisse
796 2741 884 2808 pudet.
934 2755 1027 2792 avere
1045 2740 1148 2803 iisdem,

160 2809 254 2874 quibus
272 2824 335 2874 ego,
355 2810 419 2860 loeis
436 2825 514 2872 usna,
537 2810 590 2862 alia
608 2818 693 2862 tamen
711 2811 754 2862 vin
772 2817 848 2876 atque
867 2809 927 2860 aliis
945 2809 1091 2860 rationibus
1108 2825 1150 2860 eo·

160 2879 217 2929 dem
235 2878 367 2946 pervenit,
387 2880 437 2929 nisi
456 2880 520 2945 qnod
539 2881 708 2943 sententian,
727 2895 793 2947 quae
811 2879 874 2930 milri
892 2878 970 2930 dubia
987 2884 1074 2929 tannen
1093 2879 1151 2930 visa

160 2953 218 3011 est,
244 2948 413 2998 certissimam
438 2949 525 3000 habet.
555 2949 626 3014 Quae
645 2962 687 2999 res
704 2964 761 2998 eum
781 2947 899 2999 ddueinm
918 2963 999 2998 rueanu
1017 2946 1089 2998 alere
1107 2946 1151 2998 de·

160 3015 248 3080 beret,
269 3017 493 3084 revocavitpotins
507 3017 583 3069 dnbio
596 3018 729 3083 quaedam.
748 3017 850 3069 Poetom
864 3017 939 3083 plene
951 3015 979 3067 C.
993 3016 1149 3067 Caesiam

159 3084 299 3137 Bassum
317 3092 435 3137 vocatum
454 3094 527 3154 putat
539 3086 697 3149 Lerselrius,
716 3093 746 3136 nt
758 3103 801 3153 pro
815 3084 899 3137 Gooa'o
918 3100 1069 3152 praenomen
1089 3085 1152 3138 Cois·

160 3152 257 3221 ultique
275 3155 409 3219 legendnm
428 3156 473 3208 ait.
494 3156 551 3222 Qua
568 3157 594 3207 in
614 3157 763 3206 coniectura
780 3154 889 3223 priunum
907 3155 1014 3205 videtur
1031 3154 1094 3206 milri
1111 3155 1150 3205 iu·

160 3223 229 3274 iuria
248 3223 407 3288 neglexisse,
427 3226 493 3292 apud
512 3224 623 3276 Gellium
642 3224 697 3275 cod.
718 3221 797 3288 lleg.,
816 3223 861 3291 qni
880 3224 990 3290 optimus
1008 3223 1078 3274 inter
1090 3239 1150 3289 pau-

159 3307 203 3343 cos
221 3300 341 3345 accurate
353 3294 463 3345 oollatns
481 3301 537 3357 ost,
557 3294 680 3345 exhibere
699 3293 814 3357 Gauius,
833 3293 901 3359 qnod
913 3293 979 3359 apud
990 3291 1150 3345 dlaerubiuar

160 3377 260 3429 quoqne
278 3363 360 3427 magis
378 3364 504 3414 mnnitnnr
523 3364 643 3426 videtur,
663 3369 689 3414 et
706 3361 787 3414 molto
806 3362 910 3413 facilins
928 3377 972 3429 pro
989 3362 1036 3412 hoe
1049 3361 1150 3411 nornine

161 3431 321 3483 notissinnrn
337 3430 400 3482 Gaia·
409 3433 526 3498 posuisse
540 3430 671 3495 librarios,
681 3446 766 3498 quarn,
780 3431 846 3498 quod
859 3431 911 3497 ipse
924 3430 1005 3497 ponit,
1019 3429 1150 3481 contrario

160 3499 226 3551 vitio
239 3515 368 3567 peccasse.
390 3499 488 3552 Deinde
507 3501 661 3565 notandum,
681 3502 714 3552 iis
731 3500 806 3565 locis,
826 3501 870 3568 qni
889 3507 961 3551 certo
979 3499 1012 3550 ad
1030 3498 1150 3550 Cassian

159 3568 266 3620 Bassum
286 3568 453 3633 referuntur,
472 3577 518 3621 snt
536 3570 609 3638 plene
627 3584 684 3620 eum
703 3570 846 3632 nominari,
865 3568 1067 3629 anteceniam,
1086 3583 1152 3618 nun-

159 3651 234 3703 qnam
255 3636 361 3688 Gutum.
382 3635 469 3703 Quare
486 3639 603 3706 equidem
621 3638 741 3704 speravi,
762 3639 821 3689 olim
840 3654 854 3689 e
872 3637 946 3689 codd.
965 3636 1148 3703 reponi'possa

161 3705 285 3758 Cassium
307 3722 353 3774 pro
378 3707 471 3759 Gauio.
501 3706 597 3761 Verum
622 3709 709 3759 nescio
733 3722 765 3758 an
783 3708 856 3759 loeus
873 3706 974 3773 qnidam
994 3705 1151 3771 Quintiliani

161 3782 272 3826 nostram
285 3776 422 3843 utriusque
434 3777 608 3828 coniecturam
621 3783 740 3840 evertat,
759 3776 803 3826 vel
820 3775 895 3843 plane
909 3775 1033 3826 incertam
1047 3775 1149 3826 reddat.

160 3843 185 3894 la
203 3844 270 3895 enim
290 3845 327 3894 ita
345 3845 409 3896 dicit
432 3845 464 3909 (l,
479 3846 504 3907 d,
519 3846 579 3910 ddi:
608 3842 679 3911 „Qui
705 3860 767 3895 vero
784 3845 850 3896 talia
866 3843 1057 3912 (etymologias)
1075 3844 1152 3896 libris

158 3912 284 3977 conplexi
302 3920 378 3976 sunt,
398 3916 500 3967 nomina
517 3929 565 3965 sna
582 3914 630 3980 ipsi
649 3915 851 3980 inscripserunt,
877 3914 1060 3979 ingenioseque
1076 3914 1152 3964 viana

161 3987 188 4033 al
205 3979 337 4032 Gavius
355 3983 465 4035 eoels'dsa
483 3985 568 4035 dicere
588 3984 670 4034 veluti
683 3982 807 4044 coelites,
826 3982 893 4051 qnod
904 3998 982 4033 onere
995 3982 1151 4046 gravissimo

160 4055 270 4111 vocent,
296 4049 372 4117 idque
390 4049 491 4103 Graeco
509 4059 676 4117 argumento,
693 4045 807 4117 ἠϊθέους
829 4051 896 4103 enirn
915 4052 1002 4103 eadem
1021 4051 1053 4101 de
1071 4066 1150 4103 cansa

160 4118 211 4168 dici
230 4118 371 4170 sumam
391 4119 422 4171 tt.
443 4121 461 4171 l.
480 4121 582 4189 Zumpt.
604 4138 619 4174 s
635 4121 708 4173 codd.
729 4121 844 4187 reposuit
864 4120 979 4185 Gauius,
998 4135 1054 4170 enm
1073 4127 1150 4172 antea

160 4185 293 4251 legeretur
305 4187 333 4239 C.
351 4187 476 4240 Gauraina.
501 4189 553 4241 Vix
570 4190 649 4242 liceat
666 4191 745 4241 alinnt
764 4190 927 4255 intelligere,
946 4205 1021 4256 qnam
1040 4187 1150 4242 Guvinnr

161 4255 285 4319 Βιειιιι,
305 4255 347 4322 qul
365 4255 397 4307 de
414 4258 514 4321 origine
532 4259 716 4311 vocabulorum
735 4258 855 4325 sculpsit,
880 4265 907 4310 et
925 4273 987 4309 vero
1005 4258 1073 4308 ratio
1091 4274 1152 4324 qno·

160 4341 210 4390 qne
236 4324 405 4392 etymologica
423 4326 509 4393 (qnam
527 4335 670 4393 sequnntur
683 4327 764 4378 Prisc.
784 4328 794 4378 l
813 4344 838 4395 p.
858 4329 917 4380 547.
944 4327 1012 4378 Beda
1031 4327 1063 4377 de
1081 4331 1149 4379 oruc.

161 4409 186 4460 p.
205 4393 288 4459 23³3)
306 4394 333 4444 id
350 4394 449 4445 suadet.
483 4394 640 4462 Quamquam
659 4404 745 4448 auteur
764 4397 810 4447 hoe
832 4396 985 4462 Quintiliani
1004 4397 1152 4448 testimonio

160 4463 267 4529 propius
292 4464 369 4514 etium
395 4464 428 4514 ad
452 4462 538 4516 Cassii
560 4465 636 4515 Bassi
659 4473 773 4531 tempora
798 4465 961 4528 accedimns,
992 4472 1078 4519 taum
1104 4482 1151 4518 nee
