2574 5054
85 447 106 507 d

370 800 407 863 A.
431 786 551 863 tunsis
571 798 711 862 FLACCI
733 797 835 862 VITA.
1048 795 1114 864 23⁹

175 969 221 1033 Ad
236 971 259 1032 l.
281 970 392 1033 Auctor
404 973 460 1033 iste
476 974 587 1033 nomine
600 970 691 1033 Aulus
708 969 823 1032 Persius
838 969 980 1040 Flaccus,
996 971 1109 1033 natious

90 1058 203 1118 'l'uscus
225 1058 292 1131 iuit3
315 1068 362 1118 est
382 1059 455 1118 enirn
476 1067 559 1119 natus
581 1060 609 1117 in
630 1057 745 1117 Etruria
759 1055 925 1127 Vulturis‚*
947 1074 1036 1136 eques
1051 1055 1110 1116 llo-

91 1163 205 1215 munus,
227 1144 549 1222 saecularissimus,
571 1143 707 1203 affinitate
722 1143 804 1222 primi
825 1139 931 1200 ordinis
952 1143 1020 1200 uiris
1041 1161 1110 1201 con·

90 1231 213 1300 iunctus,
228 1229 353 1288 carmine
368 1230 510 1288 satiricus.
532 1227 624 1287 Natus
639 1226 729 1307 pridie
745 1245 833 1287 nonas
841 1225 1007 1286 Decembris
1021 1226 1109 1286 Fabio

91 1314 209 1376 Persico
230 1314 345 1373 Vitellio
366 1313 512 1393 Lucioque
528 1314 706 1384 consulibus,
728 1312 855 1373 decessit
869 1311 895 1370 a'
918 1322 1019 1370 octavo
1035 1311 1109 1372 llnll.

91 1399 260 1460 Decembris
275 1418 349 1458 auno
364 1401 466 1459 aetatis
483 1418 552 1459 suas
573 1400 734 1477 trigesimo,
758 1399 827 1456 vitio
843 1395 996 1468 stomachi,
1018 1396 1109 1457 llnbio

90 1484 182 1544 llario
204 1484 320 1544 Assinio
344 1483 434 1543 Gallio
458 1483 618 1544 consulibus
641 1481 677 1542 ad
697 1495 824 1544 octavum
847 1483 993 1541 usiliarium
1015 1483 1110 1543 invia

91 1569 185 1650 Appia
206 1571 234 1628 iu
256 1567 378 1649 praediis
401 1571 472 1631 suis.
508 1568 595 1628 Pater
616 1571 677 1628 eius
700 1570 826 1627 consorti
848 1568 967 1626 nominis
989 1567 1110 1628 Flaccus

91 1657 215 1715 moriens
238 1653 357 1714 cundem
380 1653 509 1714 Persium
531 1654 662 1733 pupillum
685 1655 798 1733 reliquit
817 1672 952 1712 annorum
968 1653 1031 1713 iero
1047 1672 1110 1715 sex.

91 1740 191 1799 Fulvia
213 1737 333 1799 Sisenna
356 1750 446 1799 mator
466 1738 558 1800 Persii
581 1741 675 1819 nupsit
697 1741 797 1799 marito
812 1758 865 1799 suo
880 1739 985 1799 Flacco
1001 1749 1110 1798 mortuo

93 1824 201 1884 cuidam
218 1823 304 1906 equiti
321 1825 465 1897 Romano,
488 1826 534 1905 qui
550 1825 651 1885 Fusius
667 1822 831 1896 dicebatur,
854 1826 900 1904 qui
914 1823 1044 1884 Persium
1059 1843 1111 1883 ex·

93 1911 157 1969 tulit
178 1912 252 1969 intus
273 1930 380 1989 paucos
403 1930 501 1969 annos.
533 1909 699 1990 studuitque
722 1908 837 1969 Persius
852 1929 942 1988 usquo
958 1907 994 1968 ad
1009 1929 1110 1969 anuum

93 1995 146 2055 ΧΠ
160 1998 264 2054 nentis
280 2015 348 2055 suae
364 1996 501 2067 Vulturis,
520 1994 583 2057 inde
599 1994 705 2055 Romae
721 1992 795 2075 apud
810 1995 1020 2073 grammaticum
1035 1993 1112 2054 Ren-

93 2082 168 2140 uinm
189 2079 371 2141 Palamouem
395 2093 425 2141 et
446 2079 520 2160 apud
539 2081 682 2141 rbetorom
704 2080 862 2159 Virgiuinm
886 2079 1008 2139 lllsvuru.
1043 2078 1112 2140 Cum

94 2177 175 2226 essct
203 2186 337 2226 annorum
370 2169 408 2228 16
440 2168 505 2239 (sic)
535 2165 656 2226 amicitia
680 2168 775 2245 coepit
795 2167 835 2224 nti
857 2166 941 2225 amici
963 2167 1111 2238 (Annaei)

95 2250 230 2323 Cornuti,
253 2253 293 2310 ita
313 2262 344 2310 ut
366 2272 503 2331 nunqnam
527 2252 562 2311 nb
584 2271 619 2311 co
643 2249 805 2312 discederet
827 2249 938 2311 indutus
962 2251 1112 2324 (sinbutrss)

95 2357 205 2416 quoquo
228 2333 426 2415 aliquantulum
448 2337 634 2416 pbilosophis.
667 2337 783 2396 Amicos
799 2336 895 2395 babuit
909 2356 927 2395 n
939 2337 1028 2415 prims
1043 2335 1113 2396 ndo·

95 2423 234 2481 insuentia
254 2420 368 2482 Casium
385 2423 501 2481 Bassum
518 2435 630 2501 poetam
646 2434 675 2482 et
690 2421 861 2480 Callurnium
884 2420 1043 2493 Staturam,
1066 2422 1112 2502 qui

97 2505 213 2566 Statura
234 2509 298 2567 vivo
322 2506 423 2566 Persio
443 2509 552 2566 iuvenis
569 2509 707 2586 migravit.
740 2506 832 2566 Coluit
846 2518 878 2566 ut
892 2518 1000 2586 patrem
1016 2509 1113 2568 Serni-

97 2593 161 2652 lium
181 2592 405 2663 blomentanuru3
435 2594 567 2671 cognovit
588 2612 641 2671 per
662 2591 812 2651 Cornutum
835 2595 953 2651 amicum
976 2605 1006 2652 ct
1020 2592 1114 2653 Luca·

96 2699 178 2747 nunu,
202 2679 316 2759 probum
333 2680 437 2749 virum,
464 2697 636 2757 aequaevum
661 2689 690 2737 ct
711 2677 865 2736 adiutorem
883 2677 1009 2739 Cornuti.
1041 2677 1113 2738 Nuus

96 2763 236 2822 Cornutus
251 2764 299 2821 illo
315 2774 444 2842 ternpore
461 2774 596 2842 tragycus
614 2764 666 2821 luit
681 2774 778 2822 sectae
794 2765 942 2841 poeticae,
967 2766 1011 2843 qui
1028 2764 1115 2823 libros

97 2849 290 2926 philosophiae
322 2849 443 2927 reliquit.
482 2847 540 2909 Sed
569 2848 701 2908 Lucanus
731 2847 805 2908 adeo
834 2849 987 2909 mirabatur
1009 2851 1115 2927 scripta

97 2933 206 3005 Persii,
232 2944 262 2990 ut
283 2935 330 2992 six
352 2938 490 2992 retineret
512 2954 544 2994 se
567 2936 733 2993 recitantem
749 2935 854 3011 scripta
870 2936 931 2993 eius
947 2953 964 2995 a
980 2935 1115 2994 clamore.

96 3019 134 3078 Et
150 3029 179 3076 ut
193 3015 303 3097 qnidam
319 3018 431 3089 dicunt,
453 3021 531 3096 prius
547 3019 637 3079 Basso
653 3017 773 3077 docente
795 3017 906 3090 didicit,
930 3030 1030 3096 postea
1046 3040 1115 3080 vero

97 3103 271 3180 disciplinam
296 3106 357 3163 eius
380 3105 458 3182 egiss
476 3109 523 3175 (l)
547 3115 578 3163 et
599 3103 634 3162 ad
657 3103 809 3162 Cornutum
824 3104 907 3163 alium
922 3104 1068 3165 doctorem
1083 3124 1115 3163 se

97 3189 256 3260 transtulit3
278 3187 352 3248 unde
368 3189 403 3247 ad
420 3200 565 3268 utrumque
581 3191 695 3247 istorum
717 3200 841 3263 satyram
865 3192 995 3268 scripsit,
1017 3191 1117 3268 penul·

98 3276 192 3332 timum
215 3274 355 3346 Cornuto,
378 3274 500 3333 ultimam
522 3293 591 3333 vero
613 3274 714 3332 Basso.
750 3274 814 3332 Fuit
835 3293 941 3334 morum
959 3274 1117 3334 lenissimo·

98 3379 175 3429 rum,
198 3358 388 3419 verecundiae
404 3359 565 3437 virginalis,
590 3360 698 3418 iornuae
713 3358 864 3437 pulchrae,
889 3361 1002 3437 pietatis
1019 3363 1117 3430 minan,

98 3443 234 3522 pudicus,
257 3463 328 3522 erga
344 3455 477 3514 matrem,
502 3464 617 3504 sorores
634 3455 664 3503 ot
678 3447 789 3503 auritum
806 3445 858 3502 luit
880 3446 963 3522 frugi.
994 3445 1117 3524 lleliquit

98 3531 174 3589 circa
195 3533 258 3591 200
281 3532 415 3589 sestertia
436 3532 518 3588 matri
540 3540 570 3589 et
585 3529 746 3601 sororibus,
770 3531 883 3608 scriptis
899 3541 991 3589 tamen
1008 3530 1042 3589 ad
1059 3550 1117 3590 run·

97 3625 170 3673 trem
186 3613 323 3674 codicillis
339 3615 512 3692 [sestertium
528 3625 574 3675 est
588 3635 642 3673 uun
665 3616 736 3674 libra
752 3627 781 3673 et
796 3617 880 3676 tortia
901 3636 968 3695 pars
990 3616 1118 3694 alterius]

98 3701 211 3776 rogavit
225 3710 342 3758 matrem
358 3711 388 3760 et
403 3719 537 3771 sorores,
559 3711 589 3759 ut
603 3699 704 3760 darent
719 3700 843 3759 Cornuto
859 3705 994 3780 magistro
1010 3722 1062 3761 suo
1077 3705 1118 3764 90

99 3787 250 3856 sestertia,
274 3796 320 3855 ct,
342 3796 372 3842 ut
393 3785 440 3844 alii
463 3785 574 3856 volunt,
598 3785 659 3863 plus
684 3796 713 3844 et
735 3784 859 3864 pondera
882 3789 992 3864 argenti
1013 3787 1069 3846 XX
1090 3797 1120 3846 ot

99 3871 186 3928 libros
202 3871 280 3929 circa
295 3874 336 3931 40
354 3870 474 3948 Crisippi
491 3872 551 3929 sive
567 3871 763 3930 bibliothecam
788 3891 865 3928 suam
887 3882 983 3930 totam.
1012 3872 1119 3931 Verum

99 3953 260 4014 aCornuto
281 3956 398 4013 sublatis
423 3956 500 4015 libris
524 3957 669 4034 pecuniam
692 3956 805 4034 reliquit
825 3958 905 4014 matri
921 3965 951 4015 et
966 3957 1118 4026 sororibus,

100 4060 170 4119 quas
186 4042 247 4118 ipso
264 4040 379 4099 Persius
396 4042 449 4099 sibi
464 4039 588 4100 beredns
604 4041 724 4101 lecerat.
753 4041 873 4116 Scripsit
895 4061 961 4100 raro
977 4053 1006 4101 et
1022 4040 1119 4110 tardes

99 4126 173 4184 bunc
190 4128 279 4203 ipsum
296 4126 394 4183 librum
410 4127 605 4204 imperfectum
622 4125 750 4204 reliquit;
774 4144 875 4184 versus
895 4126 1002 4204 aliquot
1016 4124 1120 4204 dempti

101 4221 166 4268 suut
182 4212 277 4269 ultimo
293 4211 382 4282 libro,
406 4230 492 4291 quos,
516 4212 596 4290 qnasi
611 4211 738 4268 liniturus
755 4220 851 4280 esset,
875 4209 976 4270 leniter
996 4213 1122 4270 correxit

102 4294 243 4353 Cornutus
259 4305 289 4355 et
305 4295 407 4356 Caesio
420 4297 520 4355 Bassio
536 4297 653 4375 petenti,
669 4307 699 4354 nt
714 4297 775 4374 ipso
791 4293 892 4354 ederet
906 4293 1020 4355 tradidit
1034 4293 1121 4356 eden·

101 4412 111 4431 '
131 4412 157 4461 lu
176 4426 257 4477 marg.
277 4414 425 4464 sduotstum
444 4420 498 4463 cst:
520 4412 737 4472 naevorum,
763 4415 853 4464 burum
872 4413 1057 4480 Vultursrusu,
1078 4431 1122 4466 nu·

136 4496 193 4532 msu
211 4483 327 4534 civitatis
345 4485 371 4534 in
388 4481 512 4545 Etruria,
531 4497 596 4548 quac
615 4489 655 4534 est
672 4498 732 4550 psrs
750 4481 869 4536 Tusciae.
