2574 5054
182 763 276 808 exera
512 738 873 804 uuotucnuuua

183 930 253 975 uun
275 905 333 986 111,
359 906 409 973 12.
433 905 473 972 14
495 913 658 995 querimur
675 909 896 974 restituendum
916 909 977 985 ait,
1011 919 1044 972 ct
1064 904 1108 986 V,
1132 905 1205 972 172.

184 1007 247 1073 174
266 1031 324 1071 nee
345 1030 446 1085 nunc,
470 1032 528 1093 quo
551 1012 663 1075 ducunt
683 1011 773 1075 etiarn
792 1010 863 1096 Mp.
881 1011 972 1075 Rom.
984 1054 996 1087 ,
1025 1010 1104 1074 sicut
1126 1029 1207 1073 nunc

182 1112 278 1197 magis
295 1131 331 1174 oo
347 1111 481 1188 inclino,
505 1123 538 1175 nt
554 1109 595 1189 V,
612 1111 655 1175 84
669 1112 809 1175 attibuit
823 1114 934 1197 legam.

102 1233 168 1287 Vct.
269 1210 411 1277 Secundo
434 1214 501 1276 loco
525 1215 817 1278 commemorandum
835 1226 883 1279 εει
898 1214 1012 1279 codicis
1027 1212 1209 1297 palimpsesti

186 1314 341 1380 Vaticani
357 1317 557 1398 fragmentum
582 1315 708 1397 (Vct).
745 1313 780 1380 lu
802 1316 1001 1382 celeberrimo
1024 1315 1075 1378 itto
1101 1315 1209 1379 codice

182 1417 335 1502 rescripto
359 1416 428 1480 odim
452 1415 617 1495 Rodiensi,
647 1417 678 1479 in
705 1438 764 1500 quo
790 1430 861 1482 anto
884 1438 969 1482 saec.
992 1414 1027 1480 X
1050 1417 1210 1480 concilium

183 1518 308 1602 primum
332 1514 593 1583 Chalcedonicnse
617 1518 761 1603 scriptum
784 1529 851 1599 εει,
874 1520 958 1584 cuius
979 1539 1049 1601 pars
1065 1519 1162 1581 altera
1177 1518 1209 1581 in

184 1619 364 1684 bibliotheca
380 1619 603 1697 Ambrosiam,
628 1621 724 1684 altera
739 1621 770 1684 in
792 1618 944 1684 Vaticana
964 1630 1122 1695 servatur,
1147 1630 1209 1682 ete

184 1743 244 1807 qno
279 1731 325 1785 tot
361 1722 533 1806 praeclaras
562 1722 742 1806 scriptorum
772 1723 962 1806 antiquorum
993 1721 1136 1803 reliquias
1165 1721 1208 1782 Α.

184 1821 288 1888 Maius
317 1823 348 1887 in
377 1824 474 1888 lucem
504 1825 657 1908 protraxit
675 1832 706 1904 ¹,
734 1824 766 1887 in
796 1843 833 1887 co
862 1824 957 1908 igitur
976 1843 1068 1887 unum
1091 1842 1209 1905 quoquc

184 1920 285 1989 Persii
304 1925 406 1989 fotium
429 1926 587 1991 inventum
610 1936 674 2005 εει,
705 1927 791 1991 cuius
816 1926 919 1990 varias
944 1925 1093 1989 lectiones
1117 1923 1211 1986 edidit

184 2022 288 2092 Maius
312 2024 428 2106 (Clara.
452 2039 547 2093 auctt.
572 2048 590 2093 c
611 2028 701 2092 codd.
725 2023 812 2092 Vatt.
835 2040 859 2091 ι.
875 2023 921 2090 ΠΙ
941 2020 1098 2110 vattt
1113 2022 1209 2111 sqq.),

186 2128 389 2213 apographum
411 2128 575 2214 diligenter
595 2130 706 2193 factum
726 2129 865 2213 promisit
890 2126 1068 2192 Hanthalins
1099 2128 1154 2206 (cf.
1178 2148 1208 2210 p.

186 2226 262 2294 363.
284 2229 348 2293 455
364 2229 439 2314 sq.).
470 2228 630 2313 Leguntur
650 2229 681 2293 in
702 2229 760 2294 hoo
776 2231 847 2294 tolio
862 2241 922 2295 sat.
939 2227 967 2307 1,
984 2251 1016 2293 v.
1034 2223 1210 2305 57-103,

187 2351 286 2415 neque
307 2342 408 2395 umen
429 2332 461 2395 in
484 2341 544 2395 tam
565 2331 689 2413 antiquo
712 2333 817 2396 codice
839 2332 1017 2414 incorrupti.
1050 2328 1211 2394 Scrihcndi

187 2434 265 2498 ratio
295 2435 400 2498 eadem
432 2435 515 2512 iere,
545 2453 621 2516 quae
652 2433 683 2496 in
712 2431 782 2518 Mp.
806 2434 916 2508 Rom„
948 2431 1079 2516 ndsme
1100 2454 1131 2495 v.
1155 2428 1210 2510 69,

187 2556 293 2600 umero
310 2557 340 2599 v.
357 2534 412 2614 90,
436 2533 584 2619 etsundut
602 2505 695 2618 flod.)
716 2558 748 2598 v.
764 2533 819 2612 65,
839 2537 943 2620 patras
957 2558 989 2597 v.
1007 2532 1048 2598 79
1064 2544 1095 2596 ct
1109 2532 1211 2596 corbis

187 2659 303 2720 quoque
324 2660 356 2701 v.
380 2634 434 2700 71.
471 2634 574 2699 Etiam
600 2636 741 2700 vitiorum
770 2638 915 2720 quaedam
943 2638 978 2699 ad
1008 2635 1213 2720 corruptionis

188 2759 285 2823 genus
313 2738 480 2814 accedunt,
511 2737 589 2820 qnod
613 2737 644 2801 in
666 2736 737 2823 Mp.
761 2736 848 2801 Rern.
873 2739 1066 2803 observatum
1091 2747 1156 2815 est,
1180 2748 1214 2800 ut

187 2843 295 2905 cruris
310 2861 364 2924 pro
379 2837 486 2902 modu
499 2861 531 2902 v.
548 2836 602 2917 92,
616 2842 758 2924 poducere
772 2860 825 2924 pro
835 2842 982 2924 posuisse
995 2863 1027 2904 v.
1040 2835 1095 2918 86,
1112 2839 1215 2900 enitet

189 2961 243 3028 pro
266 2951 372 3006 enatet
391 2964 422 3005 v.
447 2937 507 3019 57,
535 2942 651 3026 groeci
669 2961 725 3025 pro
743 2961 863 3026 mucce
884 2964 916 3005 v.
940 2938 1000 3018 70,
1025 2951 1134 3005 tenens
1155 2961 1210 3023 pro

190 3052 294 3108 terena
314 3065 344 3107 v.
365 3042 425 3121 73,
450 3041 597 3106 loudutue
615 3063 670 3128 pro
693 3040 845 3105 laudatur
863 3065 896 3107 v.
920 3041 981 3123 87,
1010 3044 1135 3107 nonullo
1156 3062 1212 3126 pro

189 3167 268 3210 aene
287 3147 354 3209 ullo
383 3168 414 3210 v.
443 3141 525 3222 103,
554 3143 635 3207 unde
666 3163 705 3206 ea
733 3145 967 3222 confirmantur,
998 3164 1074 3230 quac
1102 3143 1143 3206 ibi
1176 3144 1213 3206 de

189 3248 339 3331 scriptura
362 3247 474 3311 codicis
494 3245 651 3330 archetypi
672 3246 786 3310 monita
808 3256 891 3309 aunt.
937 3245 1012 3310 Non
1042 3257 1142 3310 tamen
1171 3267 1214 3309 ax

190 3350 296 3414 eodem
319 3349 390 3414 cod.
413 3349 534 3412 ductum
561 3366 630 3412 εεεε
661 3346 842 3411 Vaticanum
871 3349 921 3412 vel
949 3350 979 3412 in
1010 3359 1070 3412 tam
1099 3348 1212 3430 exiguo

190 3452 287 3536 spatio
312 3460 397 3515 certo
420 3448 578 3514 diiudicari
601 3458 721 3533 potest,
751 3458 837 3513 vetut
866 3449 946 3513 euim
974 3450 1065 3514 lectio
1094 3450 1217 3512 eiraitort‘

189 3552 314 3616 modilia
335 3575 365 3616 v.
384 3549 444 3629 59,
469 3572 556 3635 quam
578 3550 716 3616 servarit
741 3551 778 3614 V
775 3561 843 3625 nt,
867 3570 942 3614 oum
957 3549 1027 3635 Mp.
1052 3551 1139 3615 Rom.
1161 3549 1214 3612 ha·

192 3655 284 3719 beant
298 3655 421 3716 imitato
435 3663 493 3717 eat.
515 3651 616 3716 Etiam
632 3676 664 3717 v.
680 3649 723 3716 74
740 3650 779 3716 V
775 3663 820 3716 nt.
838 3652 928 3717 habet
943 3653 1063 3737 quidem
1083 3652 1214 3715 dictato-

190 3776 274 3830 rem,
298 3756 353 3820 sed
369 3776 423 3839 pro
439 3776 507 3818 cum
522 3753 595 3837 legit
609 3774 709 3839 quern.
835 3753 849 3766 “’

277 3856 409 3922 Praeter
430 3856 485 3921 hos
511 3856 643 3921 maxime
659 3855 887 3934 memorabiles,
911 3845 1050 3921 codicum
1065 3875 1141 3938 qnos
1160 3854 1214 3916 ad·

193 3959 295 4037 titui,
320 3960 368 4024 dio
383 3979 531 4024 recensus
550 3969 609 4023 eat.

140 4063 175 4116 A·
280 4056 360 4124 Cod.
384 4082 440 4125 ma.
464 4060 665 4125 bibliothocae
687 4060 774 4126 acad.
803 4058 1088 4144 Argentorntmm'a
1110 4054 1149 4121 C.
1170 4052 1213 4132 11,

192 4162 227 4226 4.
246 4160 343 4249 (Α),
374 4161 573 4243 chartaceus,
596 4173 739 4228 accurato
759 4162 910 4248 scriptus,
932 4160 1020 4246 pictis
1039 4158 1213 4224 initialibus.

197 4349 210 4403 1
229 4347 269 4402 Gt.
287 4346 349 4400 Mai.
368 4347 448 4416 praet.
468 4348 501 4400 ad
517 4347 607 4403 Front.
628 4366 651 4418 p.
670 4348 739 4403 vtttt
757 4349 798 4402 ed.
818 4347 890 4402 Rom.
917 4348 949 4402 ad
973 4346 1028 4400 Cio.
1047 4345 1130 4401 aciol.
1149 4346 1213 4400 aot.

229 4433 255 4485 p·
273 4419 324 4476 111
337 4432 375 4485 aq.
394 4418 435 4470 ad.
455 4419 501 4470 0r.
