2574 5054
320 784 403 844 SAT.
423 783 444 856 Ι,
459 786 616 847 92-106.
642 786 762 844 107-
779 785 848 844 108.
1059 778 1122 846 1⁰⁹

103 954 266 1036 praeberet.
312 953 463 1033 Utrumque
485 949 644 1011 videmusa
664 950 773 1011 Catullo
795 950 984 1023 celebratum,
1003 953 1121 1014 alterum

106 1041 241 1120 singulari
256 1039 380 1098 carmine
403 1037 481 1113 (LXI
495 1037 641 1116 [LXIII]),
661 1036 778 1097 alterum
800 1036 928 1116 episodio
945 1038 1065 1116 longiori
1080 1040 1124 1099 iu·

107 1138 184 1188 serto
206 1123 285 1184 LXII
310 1123 442 1203 [LXIV],
472 1127 532 1186 251
556 1129 652 1203 sqq.),
680 1133 763 1202 atque
784 1122 1013 1194 observavimus,
1040 1143 1124 1184 uuum

106 1232 203 1273 eorum
218 1229 360 1280 versuum,
373 1229 442 1290 quos
463 1208 546 1268 allert
565 1207 680 1267 Persius
702 1214 740 1282 (v.
754 1211 823 1280 uu),
843 1208 999 1267 Catulliano
1016 1210 1123 1270 similli-

106 1317 179 1357 mum
193 1315 271 1355 esse.
294 1295 383 1373 Ipsius
401 1313 511 1375 quoquc
532 1303 634 1371 poetae
652 1303 778 1370 tempore
802 1293 871 1352 haec
887 1305 1050 1372 argumenta
1064 1306 1124 1354 trs-

107 1393 184 1443 etata
196 1382 294 1452 luisse,
306 1380 389 1440 docet
405 1380 483 1439 locus
496 1378 595 1438 Dionis
611 1376 703 1437 Cassii
714 1377 801 1450 (LXI,
816 1382 880 1450 tu),
896 1383 942 1459 qui
958 1377 993 1438 de
1006 1377 1123 1441 Nerone

106 1477 221 1528 narrate
247 1461 484 1547 Ἐκιθαρῴδησέ
501 1483 532 1522 τε
541 1459 643 1523 ’Ἆπιν
656 1457 754 1536 seoda*
775 1459 902 1543 Βάκχας
917 1462 933 1524 d
946 1459 1126 1542 Αὔγουστος

106 1552 223 1613 πολλῶν
236 1549 290 1628 μὲν
305 1550 493 1631 στρατιωτῶν
506 1543 768 1632 πραρεστηκότωκ,
777 1543 887 1619 παντὸς
901 1547 934 1607 δὲ
946 1550 1001 1609 τοῦ
1013 1544 1122 1627 δήμου,

109 1632 181 1699 ὅσον
196 1637 227 1695 αἱ
240 1634 328 1717 ἕδραι
342 1629 508 1714 ἐχώρησαν,
526 1629 712 1709 καθημένου.
758 1632 809 1692 Ubi
825 1633 898 1713 quod
916 1637 1039 1694 coniecit
1054 1634 1124 1694 Sca·
1243 1662 1250 1669 ·

108 1719 344 1800 llger(adCatull.
354 1718 455 1791 LXIII,
465 1713 617 1791 ll’Atrinu
631 1712 800 1796 ἢΒάκχας,
815 1721 1051 1779 nenecessarium
1063 1722 1125 1801 qui·

110 1806 174 1867 dem
185 1817 240 1877 est,
248 1800 382 1865 uamtcvd
390 1805 463 1863 bene
473 1804 855 1883 exprimitcoutemtum,cum
865 1823 919 1884 quo
927 1804 982 1864 Dio
993 1805 1124 1885 loquitur.

109 1885 249 1965 Pestici
271 1909 341 1949 vero
362 1890 501 1967 siguificat
523 1899 669 1968 utrumque
688 1890 829 1952 cecinisse
848 1889 992 1949 Neronem
1008 1911 1060 1969 pro
1081 1892 1125 1950 ln·

110 1977 180 2049 bitu,
193 1987 223 2036 et
242 1978 304 2054 ipsa
323 1994 433 2075 quoque
455 1984 621 2033 contemtum
641 1983 743 2050 auget3
774 1993 837 2031 uum
856 1972 997 2036 diversum
1019 1976 1125 2036 titulum

111 2060 238 2122 eiusdem
252 2062 384 2120 carminis
401 2059 494 2128 Απις
506 2053 526 2133 ἢ
538 2053 661 2136 Βάκχαι
680 2061 894 2119 commemorari
913 2081 967 2119 uon
981 2072 1061 2121 esset
1074 2062 1127 2122 hu·

111 2150 156 2208 ius
173 2147 244 2219 loci,
267 2164 361 2226 neque
383 2147 448 2204 talis
472 2163 525 2223 per
544 2163 576 2203 se
599 2145 760 2202 verisimilis
775 2155 872 2217 essct,
890 2165 952 2205 cum
972 2148 1019 2205 vix
1037 2149 1128 2226 possit

111 2233 240 2310 intelligi,
254 2228 392 2312 quomodo
404 2230 475 2288 haec
490 2248 544 2288 uno
559 2230 682 2288 carmine
697 2231 812 2289 tractari
827 2232 946 2308 possint.
968 2230 1038 2291 Nam
1053 2230 1128 2313 quod

112 2318 231 2378 serioris
247 2317 380 2394 temporis
395 2312 504 2396 quidam
520 2317 691 2392 scriptores,
708 2317 754 2395 qui
770 2317 863 2374 omnia
882 2317 1004 2378 miscere
1017 2329 1047 2377 et
1058 2336 1128 2377 con·

113 2400 233 2463 fundere
262 2403 373 2472 solent,
409 2399 529 2471 docent,
571 2398 690 2459 eundem
719 2420 786 2460 esse
816 2402 894 2460 Attin
929 2413 959 2461 et
987 2403 1127 2462 Bacchum

113 2488 216 2563 (Clam.
245 2486 329 2546 Alex.
352 2496 441 2565 protr.
470 2489 541 2564 pli
578 2484 658 2565 Syll).
697 2485 823 2545 Illacrob.
861 2485 920 2546 Sat.
940 2487 962 2557 I,
999 2492 1059 2559 21,
1088 2489 1127 2548 cf.

112 2571 241 2633 Lolneel.
252 2572 395 2650 Aglaoph.
412 2591 440 2649 p.
461 2575 543 2633 1045
559 2576 646 2651 sopp),
669 2571 715 2629 laic
729 2573 777 2630 vix
794 2568 905 2630 videtur
918 2591 1003 2652 posse
1017 2577 1044 2632 iu
1060 2593 1129 2634 eoa·

114 2678 175 2719 sum
196 2659 305 2717 venite.
350 2656 480 2716 Ceterum
504 2658 651 2735 quaestio,
683 2677 746 2715 num
774 2656 917 2716 Neronem
939 2658 1004 2718 1.1.
1029 2678 1128 2739 respe-

113 2746 190 2804 xerit
204 2742 331 2813 Persius,
351 2744 379 2800 in
401 2742 610 2821 prolegomenis
627 2752 747 2801 tractata
769 2751 825 2802 est.
865 2740 911 2801 Ad
933 2743 961 2801 ln.
985 2744 1003 2803 Ι.
1019 2745 1130 2823 plenius

115 2826 326 2908 intelligendum
341 2828 410 2886 facit
423 2829 508 2886 ctiam
519 2826 656 2886 Martialis
673 2826 752 2886 locus
769 2827 815 2900 (II,
830 2830 881 2898 86,
898 2834 912 2890 1
932 2837 1023 2909 sqq.):

280 2910 360 2986 Quod
374 2931 426 2971 uec
441 2914 565 2971 carmine
580 2912 687 2990 glorior
698 2913 807 2990 supino,

279 2998 342 3058 Nec
357 3008 435 3056 retro
451 2998 516 3075 lego
533 2996 657 3056 Sotaden
675 2997 831 3068 cinaedum,

280 3083 423 3163 Nusquam
442 3085 588 3142 Graecula
603 3083 682 3159 quod
692 3093 830 3142 recantat
841 3084 934 3153 Eudo,

281 3168 345 3229 Nec
360 3165 446 3227 dictat
458 3169 523 3226 mihi
540 3169 705 3226 luculentus
718 3169 802 3227 Attis

280 3253 395 3314 Mollem
409 3251 554 3312 debilitate
569 3253 737 3330 gallianubon
753 3263 809 3312 etc.

118 3337 170 3400 Ilio
186 3357 296 3420 quoque
311 3350 341 3398 ut
355 3349 519 3417 argumenta
529 3339 681 3397 carminum
697 3337 835 3398 Graecum
857 3337 1018 3398 imitantium
1041 3340 1131 3398 molli·

117 3425 184 3484 tiem
202 3434 231 3483 et
246 3435 333 3484 artem
350 3445 405 3483 non
425 3422 507 3483 modo
529 3426 635 3494 Attis,
656 3421 708 3481 sed
728 3425 813 3483 etiam
834 3424 934 3495 Eudo,
961 3444 1042 3503 quam
1058 3424 1133 3504 apud

118 3521 242 3569 nostrum
255 3510 389 3569 habemus
405 3516 444 3582 (v.
456 3513 532 3593 102)
549 3508 713 3568 afferuntur.

203 3615 231 3653 v.
248 3599 438 3658 107-113.
475 3596 590 3654 Radere
606 3612 713 3666 aures,
734 3604 765 3652 ut
781 3593 819 3664 V,
845 3599 883 3656 15
907 3596 1015 3654 redere
1027 3614 1132 3656 morea.

121 3678 309 3752 Quintilianus
324 3682 408 3740 etiam
422 3679 481 3752 (III,
500 3685 527 3750 1,
549 3682 580 3751 3)
598 3679 680 3737 dixit:
717 3678 840 3750 Quorum
859 3699 894 3739 ue
907 3715 951 3726 -—
962 3679 1075 3739 traditio
1090 3713 1132 3727 -

120 3784 210 3825 aures
225 3767 395 3844 praesertim
411 3775 466 3823 tam
483 3763 622 3824 delicatas
631 3766 764 3835 roderet,
772 3764 950 3827 verebamur.
959 3765 1003 3824 ct.
1014 3765 1133 3825 Waltel.

121 3847 157 3910 ad
168 3849 283 3910 Lueret.
298 3850 347 3921 IV,
360 3854 433 3913 527.
454 3850 620 3909 Anniculus
638 3861 775 3922 teneras,
797 3860 828 3908 ut
840 3849 886 3922 Ill,
908 3855 968 3913 113
990 3861 1091 3910 tenero
1104 3851 1134 3910 tir

121 3954 183 3994 ore.
199 3937 340 3994 Morducn'
351 3955 432 4007 uero,
446 3936 484 3994 cf.
494 3935 531 4006 V,
547 3939 587 3997 86
604 3954 706 3994 aurem
720 3936 854 3993 mordaci
864 3937 940 3995 lotus
956 3947 1048 3995 aceto.
1070 3935 1134 3996 Iluo

122 4017 262 4080 adieetirra
277 4022 422 4079 coniuncta
439 4031 469 4079 ut
482 4020 515 4091 II,
531 4024 572 4082 71
584 4039 759 4097 generosum
772 4022 940 4094 honestant,-
965 4020 1013 4093 111,
1029 4025 1069 4084 32
1087 4041 1133 4101 sq.

122 4107 246 4184 optinum
254 4107 375 4184 purgare.
398 4104 465 4165 Alia
489 4107 618 4185 exemplu
640 4126 666 4164 v.
680 4103 753 4183 apud
769 4105 871 4164 Obbar.
897 4104 932 4164 ud
948 4106 1015 4166 Ilor.
1031 4126 1095 4186 epp.
1112 4104 1135 4179 l,

123 4193 155 4263 2,
168 4195 220 4263 21,
237 4210 263 4271 p.
281 4194 332 4254 39.
374 4193 467 4263 Vide,
486 4192 580 4250 ultima
598 4201 747 4269 correpta,
771 4201 802 4250 ut
817 4210 888 4250 cous
899 4190 972 4270 apud
988 4191 1055 4251 IIur.
1073 4190 1135 4251 Sat.

124 4275 159 4346 II,
174 4279 205 4347 3,
222 4280 282 4348 383
308 4281 378 4338 177.
395 4276 467 4354 Ilpp.
483 4274 505 4346 I,
532 4279 581 4346 13,
606 4279 655 4338 tu.
680 4273 759 4335 Ovid.
782 4275 869 4335 Trist.
890 4275 912 4348 I,
937 4282 964 4348 1,
989 4281 1041 4340 25.
1070 4278 1133 4348 Sr's,

125 4358 199 4441 quod
213 4372 259 4421 est
274 4363 305 4421 αι’
316 4363 359 4421 ode
374 4361 445 4434 (Cic.
467 4381 510 4420 or.
526 4366 578 4434 15,
595 4367 666 4434 151)
690 4363 861 4440 Imperativis
878 4360 1047 4434 addebatur,
1071 4363 1137 4442 qula

125 4447 320 4507 contumeliosi
344 4459 407 4508 suut
434 4445 519 4524 (Dos.
542 4444 578 4506 ad
601 4445 669 4507 Ter.
687 4446 762 4508 Eun.
786 4446 842 4520 IV,
867 4452 897 4516 7,
916 4451 981 4522 29).
1010 4445 1136 4508 Eundem
