2574 5054
188 692 256 764 2⁴6
469 693 603 759 sctum
623 692 679 758 tn
700 691 810 758 tntu
830 698 942 760 5-8.

275 874 306 934 s.
327 867 495 942 miset,
533 865 563 928 id
590 877 638 929 est
661 874 763 947 tegunt
782 864 830 929 rel
851 860 1043 938 desudant,
1072 873 1105 927 et
1130 865 1216 948 qnasi

190 954 286 1036 liesca
300 965 425 1036 tergum.
446 953 583 1033 virgilius
603 959 629 1012 ¹2

483 1049 516 1099 et
531 1039 635 1099 sidero
656 1036 771 1099 lambit.

276 1127 306 1189 6.
328 1126 465 1185 liederus
483 1142 633 1203 sequaces.
669 1120 785 1184 Hedera
799 1139 915 1203 semper
927 1117 1026 1181 viridis
1041 1130 1089 1183 est
1101 1130 1133 1182 et
1146 1117 1215 1182 ideo

189 1207 298 1272 dedere
319 1209 529 1271 coronabantur
550 1218 671 1290 poetae,
694 1209 760 1290 quia
780 1224 883 1267 nomen
903 1225 1002 1267 eornm
1023 1225 1139 1286 semper
1152 1226 1215 1266 aa·

189 1306 257 1371 nete
279 1314 440 1374 sequaces,
464 1291 539 1375 quod
553 1303 709 1374 aequantur
722 1303 753 1353 et
770 1294 832 1352 sine
848 1292 904 1352 [iae
919 1303 1030 1371 repant.
1116 1293 1214 1352 Sesti·

186 1400 345 1460 paganus,
361 1381 528 1461 semipoetu.
561 1379 599 1439 Et
613 1378 667 1439 hoc
682 1378 771 1440 verbo
786 1377 882 1438 humili
903 1377 1030 1456 satyrico
1045 1375 1128 1437 modo
1143 1395 1213 1436 mus

190 1478 246 1527 est.
273 1466 395 1544 Pagasai
411 1464 544 1526 dicuntur
563 1464 681 1535 medei,
705 1465 752 1545 qui
773 1483 828 1523 non
850 1472 992 1522 noverunt
1012 1461 1128 1534 urbem,
1151 1456 1213 1523 o'osd

188 1550 245 1611 τοῦ
267 1547 385 1629 πάγου,
408 1549 521 1612 avitia.
558 1564 563 1575 ·
605 1549 711 1611 Aliter.
744 1549 981 1628 Semspsgussas,
1008 1547 1212 1619 semividaxus,

189 1637 208 1695 i.
224 1653 252 1695 e.
274 1655 330 1694 non
352 1637 465 1714 integre
488 1633 601 1695 doctus.
631 1633 695 1713 spo
715 1644 810 1694 autem
831 1637 907 1694 iuter
927 1642 1028 1712 poetas
1043 1644 1073 1692 et
1087 1633 1212 1692 rusticos

189 1739 250 1780 sum
265 1718 460 1779 medioximus.
489 1723 586 1798 Pagos
602 1721 675 1780 enim
690 1718 774 1791 viiia,
795 1720 878 1790 tous,
898 1714 972 1778 unde
993 1719 1097 1799 pagani
1112 1716 1212 1778 dican·

189 1805 362 1877 terviliani,
384 1806 465 1887 quasi
479 1823 518 1865 ex
533 1824 589 1864 uno
605 1806 685 1865 tonte
699 1814 831 1885 potantes
849 1808 872 1863 ².

275 1894 306 1953 7.
327 1891 381 1949 Ad
391 1906 482 1950 scere
496 1899 616 1960 comm,
634 1886 670 1948 ad
685 1908 830 1949 numerum
845 1896 1001 1968 poetarum.

274 1976 305 2036 8.
331 1975 403 2050 Ques
432 1975 586 2053 espedn'cc't
604 1975 736 2052 psittaco
764 1991 851 2033 sauss
874 1973 1008 2032 ciceret
1049 1968 1111 2031 Hoc
1131 1967 1212 2044 ttctt,

189 2053 264 2136 quod
286 2077 341 2117 nou
362 2077 460 2117 omnes
481 2055 657 2118 solummodo
670 2068 771 2118 natura
786 2077 838 2117 sua
851 2066 917 2117 suut
931 2065 1051 2136 poetae,
1073 2052 1125 2115 sed
1140 2074 1214 2115 eea-

189 2142 241 2201 tris
264 2151 295 2201 et
317 2144 455 2221 egestatis
481 2143 657 2204 necessitate
681 2153 839 2223 coguntur,
867 2138 934 2203 dnm
958 2150 1052 2200 semet
1072 2137 1212 2201 studendo

188 2226 292 2305 vigiliis
314 2229 458 2288 cruciant:
481 2228 585 2308 alioqui
606 2247 705 2288 omnes
726 2238 825 2288 essent
846 2229 908 2287 aine
923 2223 1021 2286 labore
1037 2236 1159 2305 poetae,
1181 2234 1214 2287 et

189 2309 244 2371 hoc
265 2309 302 2373 de
323 2312 421 2371 avibus
442 2313 553 2392 probat.
581 2311 653 2372 Num
676 2310 814 2394 hodieque
837 2309 964 2372 videmus
985 2313 1122 2389 psittacos
1143 2329 1212 2371 ean·

188 2396 297 2456 rientes
312 2398 403 2458 vocati
418 2417 490 2458 sono
505 2408 636 2478 strepere
658 2408 690 2459 et
701 2395 789 2482 χαῖρε
802 2395 913 2459 dicere.
960 2398 1135 2458 Psittacus³
1148 2396 1211 2457 avis

190 2521 317 2589 ivirpii.
337 2523 402 2577 Aen.
421 2524 467 2590 111,
487 2525 546 2578 did.

188 2594 206 2649 2
224 2592 264 2646 ct.
285 2593 360 2645 Serv.
381 2594 413 2645 ad
426 2593 500 2659 Virp.
515 2593 609 2660 Georg.
624 2591 657 2653 ld.
670 2593 732 2649 382.
751 2618 784 2632 -
801 2592 829 2644 ln
848 2592 905 2644 eod.
923 2589 1038 2642 Barmst.
1057 2589 1106 2642 troo
1122 2596 1213 2642 exstat

174 2725 177 2731 ,
222 2662 325 2714 sebois
351 2663 526 2730 ,Antiquitas
544 2678 621 2716 seaes
638 2663 665 2715 in
683 2663 778 2729 apricis
796 2661 860 2713 loeis
876 2660 997 2712 sedentes
1015 2659 1085 2712 soliti
1104 2658 1213 2711 {uerunt

222 2744 317 2781 avaros
342 2732 466 2798 probem
499 2733 631 2798 parentam
653 2731 809 2782 sarcinulam
834 2731 861 2782 iu
888 2729 1084 2780 similitudinem
1108 2727 1210 2779 denarii

222 2805 355 2851 nectentes
380 2801 406 2851 iu
430 2801 512 2851 tutum
535 2801 717 2868 proiecerunt,
737 2809 784 2865 ut,
813 2799 835 2850 si
853 2799 911 2865 quis
927 2797 1149 2865 praetereuntium
1167 2797 1212 2848 de-

223 2868 324 2920 narium
347 2869 514 2929 sustulisset,
539 2869 572 2921 ab
598 2868 715 2921 omnibns
742 2868 913 2920 derideretur.
946 2865 979 2916 lit
997 2868 1044 2918 hoo
1061 2866 1135 2917 mods
1152 2880 1211 2918 sunt

222 2935 301 3000 dicit,
321 2952 393 2988 avem
412 2938 478 2989 tame
496 2937 611 3004 compelli
629 2937 662 2989 ad
680 2937 751 2989 vocis
769 2937 896 2987 humanae
912 2935 1042 2999 studium,
1068 2933 1209 2999 significat,

221 3014 315 3056 avaros
337 3022 437 3074 qnoque
460 3007 648 3074 potttettattane
673 3006 717 3057 vei
737 3021 784 3072 spo
807 3005 913 3073 praemii
937 3006 969 3056 ad
988 3003 1101 3056 studium
1120 3010 1210 3071 poetae

221 3073 250 3136 (1.
266 3075 392 3141 poeticae)
416 3075 542 3143 compelli.
581 3074 609 3127 Si
633 3075 731 3136 alicui,
756 3075 836 3134 dicit,
861 3073 1010 3142 cupidorum
1027 3072 1212 3124 ostenderetur

221 3141 354 3206 denarius,
373 3143 457 3206 iilum,
476 3144 518 3195 cai
532 3160 578 3213 pec
590 3151 707 3196 naturam
725 3143 893 3211 prohibitum,
911 3143 1063 3193 aestimares
1076 3143 1209 3207 poetam‘·

187 3209 203 3263 3
222 3209 290 3262 Haec
308 3228 340 3263 ex
358 3211 455 3263 isidoro
468 3213 561 3278 (origg.
576 3210 633 3276 ΧΙΙ,
648 3212 801 3277 ηᾶοειιωίι
814 3218 883 3262 snat.
906 3210 934 3262 lu
947 3210 1004 3261 eod.
1019 3209 1132 3260 [darmst.
1145 3209 1210 3261 haee

219 3278 358 3344 legunturt
380 3280 504 3344 „Sitaeus
521 3281 608 3332 avidis
627 3282 653 3332 in
673 3281 786 3332 numidia
805 3280 874 3347 (cois
889 3279 1081 3344 ludiosisolnm
1104 3277 1131 3328 ia
1149 3277 1211 3329 ttto·

220 3348 294 3399 ribus
311 3350 427 3413 signitur
444 3352 530 3402 colore
548 3349 645 3410 viridi.
662 3356 752 3416 torque
771 3350 892 3416 punicea,
910 3347 1001 3411 eraudi
1017 3348 1105 3412 lingua
1123 3353 1150 3399 et
1167 3361 1211 3398 ee-

220 3418 285 3467 teris
301 3417 395 3469 avibus
412 3418 524 3480 latiore,
545 3419 657 3470 undeet
675 3418 815 3470 articulata
834 3416 914 3469 verba
932 3417 1069 3536 exprimit,
1088 3419 1126 3467 tta
1141 3422 1172 3466 at
1185 3415 1209 3467 si

219 3499 275 3537 eam
295 3488 457 3552 perspexeris
475 3488 538 3552 (leg.
552 3503 604 3539 nou
616 3485 724 3554 prosp.)
735 3494 809 3554 putes
824 3485 949 3537 homiuem
973 3485 1042 3552 oqui.
1060 3482 1101 3536 tta
1115 3491 1209 3536 natura

220 3561 308 3605 autem
331 3555 430 3606 saintet
455 3556 541 3606 dicens
566 3571 615 3607 cue
634 3563 660 3605 et
679 3555 748 3606 itere.
781 3552 853 3621 Quod
871 3555 1004 3618 ingenium
1022 3555 1060 3604 ita
1077 3550 1208 3604 Romanae

220 3622 330 3674 deliciae
348 3624 457 3675 miratae
475 3631 552 3684 sunt,
572 3623 640 3674 unde
656 3623 710 3688 (est)
723 3624 848 3675 barbaros
861 3623 1006 3686 (tardaris)
1019 3621 1130 3688 psItaooe
1142 3636 1209 3673 mer·

219 3705 275 3742 eum
298 3691 416 3742 iecerunt
439 3692 591 3758 (feceriut).
622 3691 703 3744 Cuius
720 3699 832 3743 rostrum
851 3699 940 3743 tantae
958 3691 1072 3742 duritiae
1093 3697 1151 3751 est,
1178 3696 1208 3740 at

219 3774 277 3810 eum
292 3775 307 3810 e
324 3760 429 3812 sublimi
447 3778 475 3812 sc
493 3760 743 3828 praecipitaturus,
763 3762 821 3812 nisu
839 3776 867 3812 se
886 3759 943 3810 eius
961 3760 1073 3827 excipiat
1090 3765 1118 3809 et
1133 3757 1208 3824 qnasi

220 3828 328 3894 quodam
355 3829 482 3896 pracsidio
507 3836 598 3881 utatur
622 3830 847 3882 extraordinariae
871 3828 1013 3880 firmitatis.
1043 3827 1128 3895 Caput
1151 3827 1208 3879 eius

219 3904 271 3948 tam
292 3897 391 3957 valens,
411 3906 440 3949 ut
457 3900 479 3949 ai
494 3899 593 3964 quondo
611 3899 643 3950 ad
663 3899 810 3950 discendum
830 3897 913 3965 piapis
930 3898 965 3948 sit
983 3896 1107 3959 monitus,
1122 3895 1207 3948 ferrea

219 3965 347 4018 clavicula
371 3969 407 4017 sit
425 3967 611 4018 verberandus.
648 3966 712 4019 Dum
732 3967 817 4033 patius
835 3975 875 4018 est
893 3983 942 4017 nou
962 3966 1037 4030 (nisu)
1054 3966 1124 4018 intra
1141 3965 1209 4016 aite-

220 4049 275 4085 rum
294 4037 518 4100 acutissimum,
545 4051 576 4087 ea
599 4051 664 4102 quae
684 4043 823 4087 monstrata
848 4043 908 4086 suot
930 4035 1008 4085 citius
1029 4034 1107 4085 discit
1125 4040 1152 4084 et
1168 4040 1209 4085 te-

222 4102 310 4154 nacius
328 4105 441 4165 retinet,
461 4105 542 4155 maior
560 4106 634 4172 pnuio
648 4106 756 4170 ,segnior
774 4112 815 4156 est
832 4111 859 4155 et
876 4104 1020 4154 oottvtosus
1037 4101 1206 4153 etindooilis.

220 4170 289 4223 inter
307 4173 406 4224 nobiles
430 4179 458 4223 et
479 4173 593 4239 plebeios
619 4174 802 4225 discretionem
829 4172 893 4225 iacit
911 4187 1032 4223 numerus
1049 4172 1208 4236 digitorum

219 4240 263 4306 qui
283 4248 415 4306 praestant
432 4242 525 4308 quinos
544 4242 640 4293 habeut
660 4243 764 4308 digitos,
783 4242 863 4292 ceteri
883 4242 1003 4291 ternos.“
1021 4265 1051 4280 ·-
1067 4239 1136 4290 ttaee
1146 4254 1206 4292 ver·

221 4311 260 4359 tis
283 4309 396 4375 paoiium
420 4311 527 4360 mutatis
551 4325 565 4360 e
591 4311 678 4361 Setino
698 4327 722 4360 e.
745 4313 779 4361 ἢ
798 4311 855 4372 (55)
875 4309 1047 4376 transscripta
1064 4316 1144 4372 sunt,
1168 4306 1205 4360 ei.

220 4377 286 4428 Ptin.
303 4376 338 4443 X,
353 4380 396 4442 ⁴2,
410 4379 452 4431 tt.
472 4379 548 4446 spot.
564 4379 633 4430 Pior.
652 4397 675 4448 p.
690 4381 741 4433 ³48
753 4395 792 4446 sq.
805 4379 874 4432 Etru.
