2574 5054
443 776 525 838 SAT.
543 777 565 850 1,
581 783 621 841 58
636 809 677 824 -
694 782 744 841 63.
1058 774 1101 841 93

82 943 194 1018 modom
209 945 308 1025 quibus
331 942 499 1008 derisionem
522 948 683 1028 significare
703 945 841 1007 solebant
864 946 908 1006 Ci.
932 945 1049 1028 Grysnr.
1071 950 1100 1009 in

83 1032 236 1092 Weiskeri
250 1042 280 1091 et
294 1030 396 1091 Nuekii
412 1031 485 1091 idus.
501 1032 591 1093 Rieu.
603 1032 629 1092 11
642 1054 670 1114 p.
686 1038 737 1095 42.
753 1030 875 1090 Eosdem
898 1045 1100 1094 commemorat

85 1120 132 1198 qni
147 1118 178 1176 b.
195 1117 215 1176 1.
230 1118 375 1196 expressit
394 1117 582 1198 Hieronymus
605 1125 665 1198 (ep.
682 1118 722 1177 1v
737 1115 836 1196 [XCV]
852 1127 873 1176 t.
889 1116 1018 1198 1v,2p.
1037 1124 1100 1183 776

83 1202 186 1274 Belide
208 1199 253 1262 Ne
267 1200 370 1262 eredes
386 1201 578 1263 lnudntoribus
594 1205 659 1275 tuis,
674 1205 757 1263 immo
772 1202 935 1261 irrisoribus
950 1222 1048 1263 eurem
1062 1221 1099 1265 ns

84 1287 209 1347 libenter
229 1285 441 1359 neoommodes,
472 1289 519 1368 qui
548 1307 609 1348 enm
632 1300 661 1349 te
683 1285 889 1348 adulationihus
919 1288 1043 1350 foverint
1070 1299 1102 1350 et

84 1369 290 1454 quodammodo
311 1373 443 1451 impotem
464 1374 565 1433 mentis
588 1374 752 1435 eiieeeriut.
773 1373 798 1431 si
813 1371 906 1431 subito
925 1375 1100 1452 respexeris,

84 1467 136 1518 aut
149 1459 328 1517 ciconiarum
344 1455 540 1537 deprehendes
562 1468 671 1537 postte
687 1458 764 1517 roilo
781 1459 921 1528 cursori,
942 1469 991 1517 sut
1011 1478 1100 1519 mone

85 1543 241 1603 emendos
250 1544 464 1621 ogr'toriosini,
475 1546 694 1603 nutoestnontir
712 1544 795 1602 conss
804 1543 948 1621 protendi
957 1544 1098 1621 lsirguom.

84 1627 124 1687 Et
138 1625 174 1687 de
189 1630 302 1688 ursonio
314 1626 388 1687 idem
403 1628 444 1686 nit
458 1629 544 1707 (prol.
561 1630 589 1687 in
606 1627 730 1707 Sophos.
755 1638 775 1686 t.
791 1626 830 1686 111
845 1647 875 1707 p.
895 1632 976 1690 1612
998 1628 1100 1701 Bon.)=

84 1711 234 1792 Nunquam
249 1723 315 1791 post
328 1723 437 1792 tergum
453 1731 545 1773 meum
560 1732 676 1773 monum
691 1715 885 1773 incursarent
902 1715 932 1773 in
949 1715 1099 1775 ciconiam.

84 1795 166 1857 Unde
188 1807 267 1877 putet
288 1796 389 1876 digitos
412 1799 451 1857 its
473 1798 609 1857 iormntos
631 1818 698 1858 esse
719 1809 750 1858 et
767 1799 842 1857 inter
856 1816 890 1858 se
909 1799 1041 1871 collisos,
1070 1809 1102 1859 ut

84 1892 210 1942 rostrum
225 1885 389 1962 crepitantis
403 1883 531 1943 ciconiae
546 1885 733 1955 imitarentur,
747 1881 820 1943 unde
835 1904 863 1941 v.
874 1885 972 1962 prissit
984 1882 1100 1944 Persius

84 1969 189 2047 posuit.
211 1965 381 2028 Notissimus
403 1966 543 2049 hodieque
566 1966 640 2047 opud
661 1969 746 2027 ltuios
768 1969 795 2026 in
818 1987 869 2027 osu
890 1978 934 2027 est
957 1968 1058 2042 (dorio,
1073 1969 1101 2029 ln

84 2054 196 2113 mimine
211 2051 286 2131 degit
301 2053 406 2112 ustiuhi
427 2073 455 2132 p.
470 2056 530 2115 301
548 2052 625 2135 sqq.)
646 2064 744 2131 gestus
760 2054 919 2124 irriserint,
934 2073 989 2133 qun
1003 2073 1101 2114 monus

86 2138 202 2197 sufibus
218 2137 349 2198 ndmotse
364 2137 500 2197 celeriter
514 2150 669 2210 moventur,
691 2149 722 2197 ut
741 2138 843 2216 longae
858 2139 999 2197 asinorum
1014 2158 1100 2202 sures

85 2233 355 2302 repraesententur,
377 2243 447 2303 ques
462 2224 548 2283 nidos
563 2235 663 2294 voest,
684 2234 714 2282 ut
736 2222 850 2283 Ovidius
869 2222 940 2282 Met.
959 2223 1101 2297 x1‚17⁴>

87 2305 171 2368 dicit:
194 2308 292 2368 Delius
316 2327 401 2368 sures
425 2306 542 2382 (Midae)
570 2309 642 2368 viliis
665 2307 822 2368 albentibus
844 2308 951 2387 implet.
987 2307 1030 2368 De
1051 2329 1099 2369 sv.

86 2394 202 2453 mobilis
216 2396 332 2453 inituri
346 2394 385 2453 oi.
401 2391 436 2453 ud
451 2394 522 2472 prol.
537 2415 565 2453 v.
585 2399 631 2456 11.
658 2393 790 2453 Ceterum
814 2391 849 2453 nd
864 2393 937 2453 hune
951 2413 994 2452 vs.
1010 2403 1040 2454 et
1054 2413 1099 2475 sq.

87 2479 209 2539 everbo
219 2480 315 2558 pinsit
330 2477 515 2538 adhibendum
539 2489 585 2538 est
600 2480 707 2550 similo,
729 2477 803 2558 qnod
825 2478 920 2539 verbis
941 2480 1102 2539 neruntius

86 2562 272 2642 respondent.
288 2564 402 2623 Tertius
418 2562 538 2643 denique
554 2562 689 2623 irridendi
705 2563 802 2622 modus
818 2573 871 2633 est,
886 2584 941 2642 qno
957 2564 1051 2642 lingue
1066 2583 1103 2624 ex

88 2667 140 2708 ore
156 2648 331 2719 extenditur,
355 2650 492 2708 notissimi
508 2647 581 2728 opud
596 2668 694 2709 omnes
709 2659 811 2726 gentes
826 2668 911 2721 usus,
933 2651 960 2707 in
982 2651 1102 2729 setiquis

87 2736 233 2812 gorgoniis
248 2735 458 2813 potissimimum
477 2735 648 2793 celebratus.
679 2733 804 2812 Lingeus
820 2746 911 2793 autem
928 2744 1020 2792 tantus
1035 2752 1103 2795 esse

87 2816 167 2888 dieit,
182 2830 312 2899 qunmum
327 2820 427 2878 sitiens
441 2820 583 2899 protendit
596 2821 685 2889 eoois,
701 2839 781 2898 quum
787 2821 918 2897 Apulum
930 2829 1024 2891 vorot,
1039 2820 1104 2899 quin

87 2902 191 2982 Apulis
206 2903 286 2963 srids
309 2915 353 2974 et,
377 2914 408 2962 ut
429 2905 468 2963 nit
484 2905 615 2963 Horatius
638 2904 733 2983 (epod.
750 2908 780 2975 3,
798 2908 861 2975 16),
882 2905 1032 2963 sitr'culoso
1047 2914 1103 2965 est.

88 2988 126 3048 Ut
140 2989 185 3047 hio
200 2988 315 3049 Persius
330 2991 420 3048 iunxit
433 2999 534 3048 turtur
546 2991 677 3067 liuguae,
693 2999 832 3066 quantum
844 2990 928 3047 sr'tr'ot
941 2991 1041 3058 eund,
1064 2990 1104 3049 its

88 3072 222 3133 Lueenus
247 3075 281 3146 (1,
305 3079 367 3136 259
388 3079 480 3152 sqq.):
518 3073 570 3133 sed
592 3084 731 3153 purrutom
753 3092 827 3132 rura
856 3075 944 3132 sr'lent
962 3107 1004 3118 —
1019 3083 1104 3133 tonte

89 3160 181 3237 pus'es.
206 3162 266 3218 Vos
280 3181 298 3217 o
309 3160 456 3238 potrr'oius
470 3160 613 3237 sougut's,
635 3169 665 3217 nt
687 3157 821 3218 Horatius
838 3158 885 3232 (Α.
902 3157 933 3216 Ρ.
949 3161 1008 3221 291
1028 3166 1102 3237 sq.):

91 3246 151 3302 Vos
170 3264 186 3303 o
205 3246 363 3321 Pompilios
382 3245 521 3321 sanguis,
543 3263 656 3303 esrmen
677 3242 888 3321 reprehendite.
933 3245 1036 3302 Sanno
1059 3254 1105 3303 eet

88 3329 231 3388 irrisionis
253 3329 455 3389 acerbissimae
478 3330 644 3408 expressio,
674 3348 747 3407 qnae
769 3329 861 3387 vuitus
878 3326 1047 3388 distorsione
1063 3329 1104 3398 fir,

89 3432 207 3492 poree,
224 3415 375 3492 utgiossne
392 3424 463 3474 vett.
481 3413 593 3485 docent,
608 3414 726 3489 μῶκοςε
741 3414 843 3489 μῶκος
856 3410 893 3471 ds'
904 3410 983 3471 iosos
996 3421 1038 3484 (ut
1053 3433 1105 3472 ex-

89 3499 177 3578 piieet
193 3498 288 3577 Simpl.
304 3496 340 3558 ed
356 3497 480 3577 Epictet.
498 3503 538 3561 22
554 3519 583 3578 p.
603 3503 662 3561 137
687 3498 736 3569 Η.)
761 3495 778 3558 ὁ
795 3492 998 3579 μυκτηρισμὸς
1021 3494 1105 3558 καὶὸ

91 3579 144 3641 διὰ
156 3580 293 3643 τοιούτου
310 3580 459 3662 σχήματος
472 3578 651 3659 εὐτελισμός.
677 3582 755 3655 Quoe
767 3601 831 3642 eum
841 3585 1013 3661 potissimum
1027 3584 1105 3642 nori-

89 3669 143 3727 bos
159 3667 342 3747 oorrugnndis
357 3669 423 3739 fiat,
445 3667 513 3727 dicit
528 3667 643 3727 Persius
667 3667 715 3740 (V,
737 3671 807 3739 91):
842 3668 888 3727 Iro
910 3669 999 3727 oodot
1018 3686 1104 3738 noso,

91 3753 900 3917 1771117131311311121171ῗὲ111
921 3754 1107 3918 iridi}

91 3942 163 3983 uere
177 3943 281 3995 senus,
304 3921 378 4002 qnod
393 3924 549 3983 iliustretur
569 3923 678 3982 scholio
693 3921 798 3982 inedito
819 3920 892 4002 spud
907 3921 985 3982 Bost.
1008 3923 1105 3997 (lettre

91 4010 156 4104 erit.
172 4028 200 4088 p.
217 4012 287 4109 fridh
310 4008 485 4107 desevierint
497 4002 564 4081 ἥτοι
579 4008 821 4112 p‘pooupunoiipop,
837 4002 978 4107 oiovei'rd
991 4009 1108 4102 nerino

89 4096 316 4238 111ἵί1ῗῆ2
332 4095 461 4254 33:²53
463 4112 733 4257 {timidi
741 4095 1107 4258 addidisset]

91 4264 137 4342 qui
153 4273 301 4341 tantopere
317 4282 350 4320 se
366 4260 473 4321 iuudnri
489 4264 612 4341 eupiunt.

177 4369 206 4407 v.
225 4351 375 4410 63-68.
398 4346 549 4406 Confirmet
569 4349 623 4407 hoe
645 4345 681 4407 de
701 4347 816 4407 mollitie
838 4345 958 4407 iucundo
977 4346 1106 4406 iodicium

94 4431 205 4493 Seuere
228 4442 285 4512 (ep.
310 4432 411 4504 CXIV,
436 4437 474 4496 15
496 4453 524 4513 p.
548 4436 607 4496 167
632 4430 750 4504 Suum),
773 4432 818 4492 ubi
833 4432 916 4504 diuit,
938 4432 1108 4511 quorundum
