2574 5054
492 746 574 808 SAT.
591 749 626 820 ll,
647 752 687 812 dl
704 780 742 793 -
760 753 812 811 70.
1094 742 1156 810 137

55 943 62 954 ·
139 920 241 1000 Delpb.
264 924 315 983 20.
337 916 373 979 de
395 916 454 979 del.
476 938 555 980 orac.
576 924 628 982 47.
651 918 760 978 itemst.
782 917 818 978 ad
839 916 909 978 bne.
931 918 1024 979 Prom.
1049 924 1080 980 5.
1104 918 1156 979 liic

139 1015 326 1086 exspectares
348 1006 441 1083 potins
463 1007 556 1064 vellus
577 1007 687 1063 murice
708 1005 829 1077 or‘ta'ara',
853 1001 905 1064 sed
927 1023 1025 1086 mures
1046 1023 1157 1084 quoqne

140 1090 203 1151 dum
219 1092 310 1151 lanam
325 1091 423 1168 tingit,
444 1100 593 1170 corruptus
615 1089 671 1149 dici
692 1099 805 1168 potest,
825 1107 861 1149 eo
875 1090 964 1167 magis
984 1087 1057 1168 quod
1073 1088 1157 1149 Cala·

139 1179 220 1237 brice
234 1177 308 1249 lana,
322 1176 475 1236 Tarentina
496 1177 636 1255 inprimis,
657 1177 781 1235 colorem
797 1172 934 1255 quendam
949 1174 1090 1253 pulliginis
1105 1174 1156 1233 ba·

138 1263 226 1322 bebat
241 1261 324 1335 (Ptin.
348 1260 383 1320 il.
401 1260 437 1321 Ν.
454 1261 528 1334 VIII,
549 1265 601 1332 48,
617 1266 680 1333 78).
704 1260 825 1321 Generis
840 1261 950 1332 eximii,
970 1261 1060 1340 iuquit
1073 1258 1156 1319 Colu-

139 1348 224 1407 mella
240 1346 313 1422 (Vll,
334 1351 384 1420 2),
407 1346 549 1417 Milesias,
574 1346 740 1418 Calabros,
760 1345 924 1426 Apulasque
947 1346 1050 1418 (lanas)
1067 1346 1156 1405 nostri

140 1432 347 1504 existimabant,
362 1450 514 1512 earumque
536 1429 657 1511 optimas
677 1431 860 1503 Tarentinas,
876 1432 915 1491 ei.
931 1451 958 1492 a.
972 1436 1004 1493 4.
1020 1430 1106 1490 Varr.
1123 1428 1156 1488 II.

139 1518 173 1578 ll.
189 1519 272 1589 lta.
295 1517 422 1590 Lorenz,
436 1515 472 1578 de
487 1519 565 1578 civit.
579 1528 648 1577 vett.
665 1518 781 1577 Terent.
797 1537 826 1596 p.
844 1519 864 1579 6
879 1536 940 1598 sqq.
975 1519 1076 1576 Bacca
1090 1534 1157 1576 coa·

140 1606 232 1674 chae,
249 1604 419 1681 margarita,
442 1604 482 1663 cl'.
503 1603 584 1681 Virg.
607 1601 684 1662 Aen.
708 1602 731 1674 Ι,
753 1605 825 1672 635,
847 1601 920 1662 baec
935 1603 1069 1673 roditur,
1092 1601 1158 1680 qnia

140 1701 214 1749 teste
230 1688 319 1747 Plinio
335 1688 383 1762 (ll.
408 1686 447 1747 N.
472 1687 525 1763 IX,
548 1692 600 1758 35,
624 1691 677 1761 54)
700 1697 883 1747 crassescunt
903 1688 932 1746 iu
955 1697 1074 1746 senecta
1089 1705 1156 1746 con·

140 1774 257 1853 cbisqne
274 1772 483 1833 adhaerescunt
497 1792 551 1832 nec
570 1773 614 1832 bis
621 1773 703 1832 avelli
712 1783 817 1853 queunt
831 1773 886 1831 nisi
900 1773 976 1832 lima.
999 1772 1043 1831 Da
1058 1773 1157 1831 insana

140 1857 328 1917 Romanorum
357 1859 385 1916 in
414 1858 561 1918 unionibus
590 1858 700 1917 luxurie
736 1858 865 1918 conferri
894 1867 989 1936 potest
1017 1857 1156 1934 bottiger,

140 1943 239 2003 Sabin.
256 1943 281 2002 II
295 1963 325 2020 p.
345 1945 405 2003 122
421 1961 482 2022 sqq.
501 1942 536 2001 Ut
550 1941 654 2001 Plinius
667 1951 766 2002 narrat
780 1941 925 2016 (XXXIII,
940 1947 971 2014 4,
986 1946 1156 2014 21),anrum

140 2027 324 2097 canalicium,
347 2025 421 2105 qnod
443 2025 646 2099 effodiebatnr,
669 2029 815 2086 marmoris
836 2026 954 2104 glareae
969 2026 1154 2099 inhaerebat3

100 2151 103 2158 -
140 2110 213 2192 qnod
229 2111 346 2172 effosum
362 2121 435 2182 erat,
458 2109 644 2185 tundebatur,
660 2111 819 2183 lavabatur,
833 2112 978 2184 urebatur,
993 2112 1022 2170 in
1038 2112 1157 2172 farinam

139 2196 313 2271 molebatur,
335 2195 519 2275 coquebatur.
555 2195 626 2256 Hine
647 2197 828 2276 intelligitur,
849 2194 915 2276 quid
929 2196 968 2255 sit
979 2195 1078 2275 palcis
1088 2216 1157 2256 cra·

139 2283 206 2352 das,
222 2283 251 2339 in
267 2299 322 2359 quo
336 2282 398 2340 auri
414 2280 567 2359 particulae
587 2281 700 2341 iunctae
716 2291 781 2340 sunt
801 2301 863 2341 cnm
879 2280 953 2353 aliis,
969 2300 1041 2361 quae
1056 2300 1157 2360 sagra-

138 2363 231 2443 ganda
246 2376 326 2436 sunt,
341 2363 414 2444 quod
431 2364 576 2445 coquendo
591 2385 711 2425 massam
726 2367 773 2437 iit,
788 2386 851 2425 nam
873 2386 970 2426 massa
986 2364 1022 2426 de
1037 2365 1157 2426 metallis

138 2449 250 2521 dicitnr,
265 2470 337 2529 quae
353 2451 411 2528 igni
427 2462 584 2530 coquuntur
598 2462 629 2511 et
642 2451 822 2510 emolliuntur
842 2452 890 2524 (V,
915 2456 964 2522 1⁰,
979 2451 1043 2511 Val.
1059 2451 1104 2510 Fi.
1121 2451 1157 2523 Il,

139 2538 226 2609 399).
248 2534 315 2595 Inde
331 2537 417 2613 igitur
437 2538 501 2616 puri
524 2537 628 2595 metalli
643 2555 736 2596 uenae
764 2542 802 2609 (v.
826 2535 862 2595 ad
882 2536 904 2608 I,
922 2541 994 2610 1⁰3)
1020 2556 1156 2616 separan-

138 2632 201 2691 tur,
222 2623 445 2700 satagantur,
460 2619 534 2701 qnod
557 2642 583 2680 v.
599 2619 634 2681 de
655 2623 690 2680 iis
710 2632 877 2700 usurpatur,
905 2642 977 2701 quae
998 2632 1054 2681 um
1076 2632 1157 2682 arcte

139 2708 289 2766 coniuncta
311 2717 395 2785 atque
417 2707 504 2766 mixta
525 2717 611 2778 sunt,
638 2718 670 2766 nt
692 2726 748 2765 nou
770 2709 825 2766 nisi
848 2726 955 2766 summa
975 2709 1157 2768 contentione

139 2789 263 2851 discerni
277 2794 403 2870 possIn13
422 2793 462 2852 el.
479 2792 598 2852 Lucret.
616 2792 638 2863 I,
653 2796 782 2872 deasq:
799 2790 879 2864 „Sed
895 2813 967 2872 qnae
982 2803 1047 2852 sunt
1061 2811 1157 2854 rerum

138 2875 308 2955 primordia,
330 2877 406 2935 nulla
426 2887 520 2956 potest
541 2879 583 2936 vis
607 2874 774 2954 Stringerc3
789 2897 851 2936 nam
874 2876 963 2936 solido
984 2879 1099 2938 ducunt
1121 2897 1157 2939 ea

139 2982 260 3040 corpore
281 2960 423 3020 demum.“
445 2962 517 3021 Nam
532 2963 586 3021 bne
609 2982 663 3020 non
686 2963 811 3040 pertinet
833 2981 868 3022 ea
882 2962 962 3022 verbi
978 2964 1156 3040 significatio,

139 3067 192 3128 qna
208 3046 236 3106 il
251 3045 361 3106 desolo
377 3048 455 3107 ferro
471 3049 498 3106 in
514 3068 566 3106 nsu
575 3045 740 3106 inissedicit
748 3046 854 3106 Plinius
871 3046 1019 3121 (XXXIV,
1029 3052 1155 3121 1⁴,tttz

139 3132 320 3204 „Stricturae
342 3144 478 3193 vocantur
499 3133 554 3192 bae
575 3152 683 3203 omnes,
699 3131 772 3211 quod
795 3152 848 3190 non
865 3134 894 3191 in
910 3134 972 3192 aliis
995 3133 1158 3205 metallis,a

138 3216 304 3296 stringenda
319 3219 382 3277 acic
397 3218 533 3278 vocabulo
548 3219 693 3296 imposito;
710 3215 908 3297 quodGraecis
918 3213 1065 3294 στόμωσις
1079 3226 1156 3278 est.“

138 3305 220 3363 Haec
234 3303 317 3383 pulpa
326 3305 412 3382 igitur
422 3315 540 3381 peccat,
550 3305 619 3362 vitio
633 3313 748 3374 tumea,
765 3303 884 3375 luxuria,
900 3305 1014 3364 utitur:
1029 3314 1059 3362 at
1073 3306 1155 3376 aare}

138 3387 213 3468 quod
227 3390 255 3447 in
279 3390 389 3467 templis
414 3386 546 3449 dedicant
568 3389 712 3459 homines,
736 3409 791 3447 non
814 3390 904 3448 maior
924 3387 986 3448 deis
1009 3408 1078 3448 usus
1101 3400 1157 3461 est,

138 3494 219 3554 quarn
240 3474 420 3545 frivolorum,
450 3494 521 3554 quaa
543 3476 578 3533 iia
601 3472 707 3534 donare
728 3474 802 3534 solet
822 3476 986 3553 superstitio
1010 3474 1060 3544 (cl.
1084 3474 1156 3535 Plat.

138 3558 277 3638 Eutypbr.
304 3564 372 3643 448.
404 3557 526 3636 φράσον
547 3554 584 3617 da'
610 3579 680 3636 μοι,
715 3557 758 3629 τίς
779 3556 798 3632 ἡ
822 3555 953 3634 ὠφέλεια
980 3556 1043 3629 τοῖς
1070 3557 1158 3629 θεοῖς

136 3641 273 3723 τυγχάνει
289 3646 365 3703 οὐσα
380 3639 439 3705 ἀπὸ
460 3645 520 3703 τῶν
539 3639 647 3727 δώρων
667 3637 710 3702 ὠν
721 3639 796 3727 παρ’
813 3641 897 3721 ἡμῶν
910 3634 1156 3720 λαμβάνουσννς).

139 3727 247 3809 Siquis
263 3715 336 3788 einim
354 3748 454 3789 norum
476 3748 571 3788 rernm
594 3739 696 3787 statum
712 3726 941 3806 ingrediebatur,
956 3731 981 3786 is
997 3731 1058 3789 eius
1074 3748 1157 3810 quem

138 3813 220 3872 modo
236 3815 348 3894 reliquit
363 3817 443 3893 quasi
457 3813 593 3894 quaedam
609 3814 738 3893 symbola
753 3813 807 3872 deo
822 3812 979 3886 dedicavit,
995 3834 1075 3893 quem
1091 3835 1157 3895 pro·

136 3902 233 3979 pilium
256 3901 309 3959 sibi
324 3900 449 3978 putabat,
472 3910 502 3959 et
521 3901 601 3959 cuius
623 3899 675 3957 sub
691 3900 779 3959 tutela
801 3919 833 3958 se
856 3900 1030 3981 potissimum
1051 3901 1157 3960 vixisse

136 3996 236 4064 gratus
251 3986 434 4064 agnoscebat.
457 3985 500 4045 Ita
515 3987 561 4065 qui
576 3984 621 4044 vel
636 3994 732 4043 aetate
757 3987 937 4063 provectiore
959 3987 1089 4045 commoti
1110 3988 1156 4047 rel

137 4071 192 4129 alia
207 4069 243 4130 de
254 4091 340 4130 cansa
355 4071 382 4131 id
397 4073 473 4131 vitae
488 4090 589 4148 genus,
605 4068 769 4149 quodantea
785 4070 942 4140 coluerant,
957 4068 1156 4141 deseruerunt,

136 4156 217 4215 buius
233 4156 362 4233 symbola
384 4153 439 4216 deo
460 4154 646 4226 dedicabant,
669 4166 699 4214 nt
719 4154 856 4214 Veianius
879 4153 1020 4234 gladiator
1040 4154 1157 4217 llercnli

136 4261 225 4313 arma,
238 4241 305 4300 llor.
322 4261 386 4320 epp.
403 4241 424 4312 l,
442 4247 471 4312 1,
487 4245 516 4302 5.
533 4239 737 4300 clamitaret.
754 4240 803 4312 Vl,
820 4246 892 4303 178.
917 4240 1059 4301 Permulta
1074 4243 1156 4303 huius

137 4346 205 4385 usus
221 4327 351 4406 exempla
371 4325 491 4406 praebet
503 4323 692 4403 Antbologiae
709 4325 853 4386 Palatinae
869 4324 942 4387 iiber
956 4338 1066 4400 sextus,
1081 4326 1156 4389 unde

136 4412 207 4472 baec
223 4414 326 4491 selegi.
344 4411 505 4473 Piscatores
521 4412 591 4471 artis
606 4431 674 4471 suae
691 4413 876 4473 instrumenta
891 4410 934 4472 dis
949 4414 1064 4474 marinis
1080 4418 1157 4486 (27).
1245 4463 1247 4466 >

189 4556 574 4752 N
