2574 5054
413 755 782 824 enonnnnttntttt
981 785 1108 830 nxxnrr

75 951 253 999 monem
276 929 450 1008 dominnm,
472 929 605 996 maxime
620 927 827 1017 popularium,
851 928 988 1018 diligenti
1007 944 1107 1001 atton·

76 1035 163 1100 tione
177 1033 260 1102 bene
275 1043 455 1120 perspectos
470 1032 583 1099 deden
599 1042 631 1099 et
646 1031 771 1119 egregie
788 1052 844 1116 per
857 1034 975 1120 siugrda
992 1037 1107 1103 deseri·

77 1137 177 1213 bere,
206 1135 250 1200 ite
271 1146 398 1215 utens,
427 1154 503 1218 quos
524 1135 557 1200 in
581 1134 752 1218 exemptum
773 1135 883 1216 affert,
911 1138 997 1220 quasi
1018 1138 1107 1206 rivos

76 1239 212 1323 inquiet
231 1257 266 1303 se
289 1256 399 1324 gerere
420 1238 592 1304 videamus.
621 1235 726 1320 Itaque
746 1257 810 1302 uon
830 1250 993 1305 oonteutns
1008 1253 1056 1306 est
1075 1243 1108 1307 in

76 1342 260 1407 universnm
282 1340 312 1404 id
333 1361 432 1424 genas
451 1338 603 1405 hominum
622 1338 814 1425 significare,
845 1341 900 1405 sed
928 1342 1049 1427 singula
1068 1344 1108 1409 ed

76 1445 184 1510 virum
207 1441 417 1529 depingendo,
440 1441 547 1527 quibus
569 1441 707 1507 domines
730 1463 748 1508 e
769 1444 879 1529 populo
894 1444 1019 1510 attentus
1035 1465 1108 1511 suos

77 1545 235 1622 notibus,
271 1545 426 1630 gratim,
462 1543 600 1629 eorporis
629 1542 753 1624 ostiu,
789 1545 963 1632 exprimere
993 1548 1107 1629 solent,

78 1647 240 1734 eogitandi
260 1657 294 1712 et
312 1647 454 1730 loquendi
473 1647 623 1712 rationem
638 1645 676 1712 iis
691 1645 842 1732 propriam
856 1649 1022 1727 imitando,
1045 1650 1108 1734 ple·

79 1772 153 1816 nam
168 1769 291 1834 semper
310 1758 342 1813 et
362 1748 494 1842 viridam
513 1749 677 1834 imaginem
699 1760 772 1815 ante
787 1750 892 1815 oeulos
907 1749 995 1816 uobis
1009 1752 1106 1836 ponit.

79 1851 124 1920 Ut
141 1851 247 1939 psums
261 1851 294 1916 in
308 1870 343 1916 re
357 1862 463 1938 aperte
478 1853 627 1937 exemplis
642 1853 802 1938 defungar,
815 1852 885 1918 vide
899 1853 997 1917 aviam
1013 1853 1106 1932 iilam,

79 1975 161 2041 qne
176 1974 233 2039 pro
247 1953 363 2018 intente
378 1965 450 2019 vote
466 1953 590 2040 suseipit
604 1951 662 2036 (ΙΙ,
678 1951 720 2017 31
736 1957 809 2037 sep).
851 1955 903 2019 nt
922 1974 1006 2035 rem,
1031 1974 1108 2040 qnae

80 2058 124 2121 itt
140 2057 261 2140 agitur,
283 2055 455 2121 sufficiebat
474 2057 568 2122 stulta
588 2056 640 2120 illa
661 2066 733 2120 vote
748 2056 940 2141 significare,
964 2068 998 2121 at
1018 2070 1109 2145 poeta

80 2157 276 2224 numism
290 2176 366 2222 sene
380 2168 413 2222 et
426 2157 553 2243 lepidam
568 2157 729 2244 imaginem
745 2158 884 2244 proponit
899 2159 1006 2236 aviae,
1031 2176 1109 2241 qnae

82 2257 313 2343 superstitionis
326 2260 417 2342 plens
435 2261 580 2325 infantem
601 2261 687 2326 vario
709 2261 800 2324 modo
821 2261 949 2340 tornet,
971 2259 1109 2326 manibus

81 2362 201 2446 quatit,
225 2372 258 2425 et
272 2360 392 2426 tandem
407 2373 479 2428 vote
495 2382 550 2427 sua
565 2363 690 2449 profert.
721 2358 869 2427 Videmus
891 2361 992 2427 omnia
1008 2372 1040 2427 et
1054 2381 1109 2425 an·

82 2466 196 2540 diam,
212 2472 274 2526 tam
288 2460 367 2526 bene
381 2462 500 2550 singula
516 2475 657 2549 unoque
674 2486 746 2531 eura
762 2465 878 2550 depiotn
894 2475 975 2528 suut.
998 2461 1109 2548 Neque

82 2578 190 2630 tamen
210 2564 287 2630 haee
309 2575 393 2630 oerta
415 2568 558 2650 queedam
583 2587 714 2653 persona
737 2577 803 2645 eet,
825 2567 880 2631 sed
902 2576 997 2631 totum
1013 2585 1111 2650 genus

82 2689 124 2733 ea
139 2677 400 2752 repraesentetur.
432 2664 555 2751 Quants
569 2671 701 2735 veritate
728 2680 760 2735 et
781 2680 893 2753 quauta
915 2689 970 2754 per
991 2668 1111 2753 singula

82 2771 252 2836 subtilitate
273 2770 393 2835 iuvenis
415 2770 494 2836 illius
518 2772 663 2837 desidiosi
684 2771 868 2856 clamosique
890 2773 956 2836 eins
979 2771 1108 2848 comitis,

84 2893 215 2957 quorem
237 2873 378 2958 exempto
397 2874 493 2938 utitur
513 2873 545 2937 in
566 2876 678 2939 satirae
694 2875 804 2938 tertiae
820 2875 987 2960 principio,
1010 2875 1111 2958 imago

85 2975 208 3060 depicta
231 2985 298 3051 est,
322 2987 374 3040 aut
394 2976 501 3060 pueri,
524 2976 575 3059 qni
597 2987 630 3040 nt
650 2977 756 3041 ludere
772 2977 869 3062 possit
884 2987 914 3042 et
928 2976 1050 3041 sodotas
1065 2976 1111 3040 tn·

85 3080 172 3162 giat,
194 3077 266 3142 odeo
280 3077 384 3141 oeulos
400 3078 498 3162 tangit
519 3074 591 3159 (ΙΙΙ,
609 3079 651 3143 tt
666 3080 768 3163 squ),
793 3099 881 3163 quam
903 3079 1027 3162 egregie
1049 3075 1112 3141 hir·

86 3200 231 3245 ennom
251 3179 461 3246 centurionum
478 3181 563 3246 rodis
579 3192 611 3246 et
625 3191 658 3244 ut
673 3182 746 3266 ipsis
761 3181 879 3265 quidem
895 3179 1016 3243 videtur
1029 3179 1112 3243 ioeo·

86 3302 122 3347 se
147 3282 247 3346 oratio
267 3301 416 3366 expressa
436 3293 485 3346 est
506 3280 580 3362 (ΙΙΙ,
605 3281 649 3347 77
664 3281 759 3368 sqep).
799 3278 854 3347 ttta
876 3277 1006 3347 Vettidii
1027 3283 1114 3346 avari

88 3384 255 3469 descriptio
278 3380 350 3465 (IV,
367 3381 410 3449 25
424 3383 527 3467 squ),
558 3404 685 3470 tpnaomn
711 3385 850 3470 oompoui
870 3395 997 3470 possunt
1019 3402 1115 3468 panea

87 3485 186 3551 verde
208 3482 309 3551 Bestii
328 3481 404 3567 (Vt,
428 3483 587 3572 dtistpq.),
619 3507 697 3571 quse
726 3497 820 3551 totum
849 3486 1000 3551 hominem
1026 3483 1114 3549 nobis

88 3598 165 3653 ante
185 3587 304 3652 oesiam
327 3588 430 3672 penit,
454 3599 514 3653 tam
532 3588 638 3654 vivida
658 3600 718 3653 tem
746 3588 777 3653 in
802 3587 928 3671 singulis
951 3587 988 3651 ad
1008 3606 1113 3652 verum

90 3710 240 3775 expressa
264 3699 332 3766 est,
355 3698 389 3753 ut
410 3689 484 3753 nihil
505 3691 602 3775 possit
616 3691 722 3775 magia.
756 3689 800 3756 Et
813 3690 961 3756 eiusmodi
977 3687 1116 3772 exempla

91 3792 241 3879 permulta
264 3801 388 3856 οιιιιιιιι
413 3791 492 3878 apud
516 3789 676 3870 Persium,
704 3814 782 3876 quae
810 3793 875 3858 eius
904 3791 936 3855 in
963 3790 1115 3855 domiuum

91 3893 228 3957 merides
242 3904 330 3958 sente
345 3892 546 3959 observandis
568 3904 601 3960 et
615 3895 723 3960 callide
739 3894 921 3979 effingendis
935 3902 1032 3957 artem
1047 3911 1116 3976 pro·

91 3998 178 4063 bant
209 3997 313 4080 Atque
335 3996 384 4062 hio
405 4017 438 4061 se
461 3997 549 4061 otest
568 3997 772 4063 memorabilis
793 3993 840 4060 lo.
858 3990 938 4082 Lydi
953 3995 1038 4060 loons
1062 3995 1116 4075 (do

91 4095 302 4183 meg.1,dl):
321 4097 467 4184 Πέρσαις
478 4096 542 4170 ade
555 4092 880 4186 ποιηιιὶνΣόφρονα
895 4091 1117 4183 μιμήσασθαι

91 4201 212 4270 θέλων
231 4199 273 4269 od
293 4196 517 4288 Λυκόφρονος
537 4203 719 4289 παρῆλθεν
741 4195 911 4290 ἀμαυρόν.
943 4196 1032 4281 Quod
1054 4196 1120 4261 sire

92 4306 136 4369 its
159 4304 387 4388 intelligendum
410 4314 477 4384 est,
501 4316 535 4369 nt
554 4301 684 4371 Persius
706 4302 895 4390 Sophrouem
917 4301 1054 4366 studiose
1076 4298 1120 4362 lr-

94 4408 177 4491 gisse
192 4417 225 4472 et
239 4407 374 4473 imitatos
389 4429 459 4475 esse
476 4407 611 4486 tiaram,
636 4419 668 4472 et
692 4403 780 4472 Statii
804 4416 888 4471 eerte
903 4413 989 4489 pater
1005 4400 1121 4466 inveni·

877 4526 913 4585 f.
