2574 5054
92 779 159 850 310
266 783 569 849 8110111811.
585 784 633 857 111,
651 790 838 850 att—11⁷.
853 786 904 860 lv,
915 791 946 850 1.

93 956 307 1040 pulmentarium
330 954 473 1031 habente,
494 957 546 1018 aed
568 958 673 1018 misero
696 968 727 1018 et
747 969 919 1038 egestuoso,
941 957 1020 1019 velot
1041 957 1113 1019 tales

94 1048 141 1125 qui
156 1055 222 1104 seat
236 1046 361 1124 algeant.
392 1043 517 1103 Positum
539 1054 587 1104 eat
608 1045 636 1103 in
659 1046 753 1104 catino
768 1045 848 1117 olus,
869 1054 900 1104 et
914 1046 1008 1124 posita
1023 1045 1113 1103 larisa

93 1150 150 1190 non
166 1131 276 1190 scilieet
291 1131 396 1190 catino.
424 1132 566 1189 Formam
586 1149 659 1189 nunc
680 1148 781 1208 pauore
797 1127 881 1190 dicit:
903 1142 934 1189 et
948 1131 1021 1189 bunc
1036 1129 1115 1209 lingit

94 1216 240 1294 gregalem
271 1226 301 1275 ct
327 1215 466 1294 plebeiam
496 1234 563 1275 esse
592 1216 723 1294 positum.
757 1214 818 1275 lloc
841 1216 933 1276 valet:
963 1216 1113 1296 Fingamus

94 1303 198 1381 epponi
213 1301 280 1371 tibi,
303 1303 351 1382 qui
367 1302 512 1360 consuesti
527 1300 686 1378 elegantius
702 1302 809 1361 vivere.

183 1390 252 1449 113.
279 1384 557 1464 Teatemassaaces.
583 1386 729 1446 lovitaatis
743 1386 840 1446 verba.
910 1388 1023 1448 Teucro
1042 1387 1116 1449 teret

94 1472 195 1542 ulcus,
219 1467 422 1554 ἀλληγορικῶς
442 1473 537 1531 vitiam
553 1471 620 1530 labii
635 1469 704 1533 dicit
717 1491 797 1531 usum
812 1471 957 1532 vescendi.

183 1561 254 1619 111.
278 1558 362 1634 Quod
382 1568 475 1617 autem
499 1576 557 1616 nen
580 1558 701 1629 deceat,
730 1567 779 1616 aut
798 1555 872 1637 qood
894 1578 949 1617 non
972 1565 1114 1637 oporteat,

93 1640 168 1723 qood
191 1645 339 1720 impatiens
359 1643 409 1701 sit:
439 1643 547 1702 radere
567 1641 621 1702 hoe
646 1662 820 1720 exasperare
844 1641 911 1702 dicit
933 1643 1026 1703 eleos.
1064 1642 1116 1702 Est

93 1729 167 1788 alter
188 1747 306 1787 censear
340 1726 404 1786 Noa
427 1727 535 1788 levibus
557 1737 607 1786 eut
629 1728 809 1808 popularibus
836 1728 906 1788 cibis
937 1730 978 1787 tei
1009 1726 1116 1787 fastidii

95 1813 192 1873 ulcera
219 1823 340 1891 possunt
359 1815 485 1891 purgari.
523 1811 666 1884 flaccet,
695 1811 770 1894 qaod
798 1815 838 1872 ait
865 1814 984 1893 plebeia
1006 1815 1115 1872 radere

94 1899 171 1958 beta.
214 1902 288 1959 Bato
310 1918 401 1978 genus
422 1908 468 1959 cst
493 1899 559 1960 oibi.
593 1900 709 1958 Radere
737 1897 922 1959 autemdicit
948 1910 1115 1978 extergere,

95 1995 125 2044 ut
138 1984 270 2044 Horatius
288 1991 316 2044 ¹:

220 2073 284 2129 Hoc
295 2070 414 2148 petrice,
432 2088 518 2148 qaam
531 2069 669 2146 gallaica,
686 2078 806 2147 tergere
818 2071 964 2148 palatano.

182 2159 252 2219 115.
275 2157 392 2233 Alges,
417 2173 481 2214 cam
503 2157 634 2213 eacussa't
662 2155 809 2214 membris.
848 2150 993 2214 Atliciitur·¹
1019 2155 1114 2226 etiam,

93 2237 167 2320 quod
182 2241 350 2300 instabilitas
367 2252 432 2301 tuae
448 2241 548 2300 mentis
566 2240 745 2299 tortosonte
762 2240 847 2312 lacit3
871 2239 1008 2319 siquidem
1031 2239 1115 2300 modo

93 2327 219 2404 frigore,
242 2326 270 2385 id
286 2336 332 2386 est
346 2327 465 2398 timore,
480 2323 681 2385 tremebundus
694 2326 820 2385 efficeris
838 2335 867 2385 et
881 2326 952 2404 pilos
968 2328 1058 2405 erigis
1074 2359 1115 2374 -

94 2413 204 2470 aristae
226 2413 300 2470 enim
322 2431 373 2491 pao
396 2411 459 2490 pilis
475 2411 585 2489 posuit,
599 2442 643 2456 --
665 2409 748 2469 modo
763 2412 792 2469 io
807 2411 877 2469 isam
892 2411 1034 2471 calefacto
1050 2432 1117 2471 sao-

92 2497 177 2574 gnina
193 2496 373 2556 commuteris
395 2508 425 2556 et
439 2516 476 2557 ca
489 2495 561 2556 dicis
576 2515 611 2556 aa
626 2496 716 2566 lacis,
738 2515 811 2576 quae
835 2496 920 2554 etiam
941 2498 1010 2575 ipsis
1025 2498 1117 2557 lurio-

94 2582 134 2640 sia
157 2582 264 2641 furiosa
286 2579 443 2642 videantur.
533 2583 632 2641 Timor
659 2581 747 2640 albus
773 2580 877 2640 «licitur
898 2580 1038 2660 pallidus,
1067 2602 1116 2655 ee,

93 2665 167 2746 quod
182 2669 266 2727 timor
280 2667 407 2726 bomines
422 2664 542 2746 pallidos
558 2667 660 2739 iaciat,
676 2667 753 2725 sicut
770 2671 800 2725 ²:

220 2753 340 2812 Pallida
356 2772 434 2812 mers
450 2771 544 2830 aequo
558 2753 665 2830 pulsat
673 2752 761 2831 pede.

181 2840 252 2900 117.
271 2839 446 2897 Scintillam
459 2838 554 2908 oculi,
577 2835 681 2909 idest,
702 2836 787 2895 nimio
802 2836 900 2897 calore
915 2838 1066 2911 inflantur,
1088 2847 1118 2897 et

93 2940 157 2982 eum
173 2923 271 2994 times,
293 2924 403 3002 frigore
418 2922 574 2982 horrescis.

361 3377 850 3446 S'A'l'lllAlV.

179 3560 208 3616 1.
229 3556 297 3613 llam
309 3555 418 3634 populi
430 3564 554 3616 tractas.
584 3554 636 3616 llic
660 3551 695 3616 ale
712 3556 747 3614 iis
763 3551 847 3625 dicit,
870 3553 917 3633 qui
932 3551 1051 3612 bonoria
1066 3573 1117 3614 ca·

92 3635 149 3719 piall
165 3658 250 3720 sopra
266 3638 373 3699 modum
390 3642 493 3700 aetatis
506 3660 575 3700 suae
590 3641 694 3721 publici
711 3639 907 3700 moderaminis
922 3639 1118 3717 gubernacula

93 3735 232 3806 quaerant
254 3727 419 3806 suscipere,
440 3724 514 3806 qaod
535 3727 676 3805 significat
698 3746 750 3806 per
773 3722 967 3796 Alcibiadem,
1000 3726 1047 3803 qai
1068 3744 1117 3784 re·

93 3811 175 3870 lictus
198 3830 215 3870 a
236 3821 318 3888 patre
341 3811 393 3870 sub
416 3811 506 3870 tutela
529 3811 648 3872 Periclis
665 3817 694 3885 ³,
715 3831 785 3891 pree
801 3810 946 3868 nobilitate
962 3819 993 3869 et
1007 3806 1115 3870 divitiis

91 3915 163 3975 puer
177 3916 237 3956 rem
252 3895 390 3975 publicam
405 3896 620 3957 Atheniensium
636 3895 847 3957 administravit.
878 3895 916 3953 lit
930 3905 976 3954 est
990 3913 1115 3956 sensnsr

92 3981 160 4041 (lum
182 4000 255 4062 puer
276 4001 326 4053 es,
349 3983 443 4061 pessis
464 3983 665 4062 rempublicam
681 3983 863 4042 ministrare?
948 3981 1117 4041 Barbatum

92 4069 147 4126 hoc
167 4067 255 4127 crede
277 4070 451 4146 magistram
475 4070 593 4141 decere,
615 4068 670 4128 boc
693 4078 756 4129 este
786 4066 858 4126 Pota
873 4062 1022 4125 Socratem
1039 4065 1116 4146 loqui

92 4172 154 4211 com
169 4151 317 4213 Alcibiade
338 4174 406 4213 suo:
430 4155 477 4235 qui
497 4153 633 4215 Socrates
656 4155 684 4212 in
707 4172 827 4214 carcere
850 4152 971 4212 cicutam
991 4149 1063 4212 bibit
1086 4162 1118 4213 ct

93 4343 108 4392 1
128 4337 190 4389 lior.
210 4345 261 4390 sat.
281 4336 313 4401 ll,
331 4338 359 4401 2,
377 4338 421 4391 et.

91 4409 108 4457 1
128 4406 216 4457 lieret.
236 4422 316 4458 carm.
336 4405 357 4471 1,
377 4407 404 4470 1,
426 4406 467 4460 lb.

92 4475 108 4527 3
123 4476 277 4543 pbilosopbe‘
286 4474 346 4527 111.
359 4475 401 4528 el.
416 4491 455 4544 pr.
474 4473 534 4527 Vin.
546 4511 554 4539 ,
566 4489 617 4528 om.
631 4475 687 4526 ool.
701 4474 761 4526 Par.
774 4474 853 4530 8272.
