2574 5054
190 938 411 1011 comparatam,
435 936 468 991 ut
488 927 526 989 ab
547 947 744 1009 unoquoque,
769 926 871 1010 quiin
891 947 929 991 eo
944 927 1093 1013 scriptore
1108 949 1213 992 curam

188 1048 342 1131 posuerit,
365 1046 438 1109 sciri
454 1057 484 1108 et
498 1046 601 1109 afferri
617 1045 742 1123 debeat,
765 1054 797 1107 et
816 1066 850 1109 re
865 1066 941 1110 vera
955 1047 1030 1111 iuris
1046 1066 1115 1110 esse
1131 1068 1214 1110 com·

189 1164 300 1228 munis.
333 1162 388 1227 His
412 1163 503 1247 igitur
524 1163 621 1244 quivis
644 1174 678 1225 nt
699 1163 762 1226 suis
784 1163 827 1225 uti
848 1175 948 1247 potest
963 1174 994 1227 ct
1008 1165 1108 1229 debet.
1139 1165 1213 1228 Alia

188 1302 240 1347 res
263 1292 330 1360 est,
355 1282 404 1344 ubi
425 1281 587 1362 singularis
608 1281 659 1345 vel
682 1281 837 1344 doctrinae
852 1282 903 1345 vel
918 1283 1031 1366 ingenii
1048 1284 1213 1367 specimina

189 1399 325 1465 exhibita
354 1410 445 1475 snut,
478 1420 546 1460 nam
573 1399 648 1462 baec
671 1400 762 1464 tacite
785 1399 948 1473 adbibere,
972 1401 1056 1483 quasi
1076 1401 1141 1485 ipse
1164 1402 1213 1463 in·

188 1517 331 1595 veneris,
362 1527 448 1600 turpe
471 1517 561 1581 loret.
599 1514 660 1581 Sed
687 1519 714 1581 si
736 1539 842 1582 verum
866 1519 990 1582 fatearis
1012 1520 1086 1582 baec
1108 1540 1213 1602 quarn·

187 1638 319 1701 maxime
340 1637 525 1713 afferuntur,
548 1645 583 1699 ut
604 1638 801 1715 refellantur,
826 1637 903 1720 qnod
925 1656 991 1699 cum
1019 1659 1211 1701 recommen-

188 1755 267 1820 tario
291 1775 359 1819 meo
381 1755 536 1818 exclusum
560 1755 619 1831 sit,
643 1775 730 1819 nemo
752 1755 866 1840 peritus
886 1754 1058 1833 mirabitur,
1083 1777 1143 1819 oon
1167 1755 1211 1820 ita

187 1893 278 1958 saepe
295 1873 421 1936 aliorum
437 1874 562 1937 inventa
578 1897 595 1937 a
612 1893 658 1938 me
675 1894 743 1939 esse
762 1875 871 1938 relata.
896 1870 1029 1937 Omnino
1044 1896 1110 1939 eam
1125 1894 1209 1958 spem

187 1992 254 2057 sine
270 1992 466 2075 arrogantiae
483 1992 609 2056 crimine
625 1993 795 2076 exprimere
811 2012 944 2077 possum,
968 1992 997 2055 id
1014 1992 1153 2056 iudicium
1170 1993 1209 2057 de

187 2109 244 2172 boo
267 2111 481 2173 commentario
506 2109 553 2173 'l'e
575 2110 701 2173 laturum
726 2131 815 2189 esse,
847 2109 967 2192 Tuiqne
991 2111 1123 2185 similes,
1148 2130 1211 2172 nou

187 2248 257 2294 csso
287 2249 355 2292 enm
385 2249 427 2292 ex
456 2229 582 2292 aliorum
612 2228 732 2292 scriniis
762 2230 971 2311 compilatum,
1004 2229 1058 2293 sed
1088 2228 1209 2312 proprio

186 2346 290 2411 labore
315 2346 479 2410 conditum.
510 2344 614 2429 ltaque
636 2346 791 2431 gaudebo,
816 2346 840 2409 si
857 2347 888 2408 in
905 2366 941 2408 eo
957 2347 1102 2428 quaedam
1118 2347 1210 2410 allata

185 2463 345 2528 invenient
367 2459 440 2527 VV.
463 2460 552 2543 DD.,
577 2465 699 2547 quaein
716 2484 801 2528 suum
817 2483 903 2527 nsum
918 2462 1062 2528 adbibere
1078 2464 1206 2546 possint.

185 2579 308 2666 Perlegi
324 2593 442 2659 autem,
468 2593 501 2644 ut
522 2584 578 2645 iam
596 2583 677 2659 dixi,
702 2583 836 2647 editores
852 2582 1038 2664 antiquiores
1054 2593 1085 2645 et
1100 2601 1210 2645 roceo·

184 2700 298 2777 tiores,
325 2701 451 2782 nequid
474 2701 678 2784 negligerem,
711 2701 774 2763 lere
796 2721 922 2778 omues,
946 2701 1023 2782 quod
1041 2700 1208 2763 taediosum

184 2838 260 2884 sane
276 2819 404 2882 ollicium
420 2818 490 2880 milri
507 2818 646 2900 imposui.
664 2815 799 2899 Quorum
815 2819 841 2881 si
858 2819 1009 2882 nemiuem
1026 2815 1208 2881 Casaubono

184 2937 418 3020 comparandum
447 2937 534 3013 dico,
565 2957 671 2999 omnes
702 2937 931 3000 consentientes
961 2935 1077 3013 babeo,
1108 2955 1208 3019 nequo

184 3065 286 3119 umen
316 3055 438 3118 silentio
469 3054 637 3138 praeterire
665 3075 785 3138 possum
809 3054 871 3117 Tb.
895 3053 1087 3131 Marcilium,
1120 3075 1207 3136 quem

184 3174 335 3258 oppressit
357 3172 551 3252 inimicitiae,
580 3193 666 3255 quam
695 3193 762 3235 cum
791 3170 974 3236 Casaubono
996 3183 1027 3235 et
1047 3169 1207 3256 Scaligero

185 3293 343 3368 exercuit,
374 3293 500 3357 invidia.
546 3289 578 3356 Is
608 3313 684 3355 vero
708 3291 738 3354 in
762 3292 999 3370 commentario,
1030 3310 1207 3374 quamquam

183 3412 276 3475 multa
305 3413 408 3496 inepta
438 3421 469 3475 ct
497 3411 595 3473 inutili
625 3410 763 3473 doctriua
794 3411 966 3492 congessit,
1002 3409 1079 3473 baud
1111 3431 1207 3493 pauca

184 3539 285 3593 umen
307 3531 396 3593 do'ete
419 3540 451 3593 et
473 3529 588 3592 utiliter
610 3529 742 3605 monuit,
772 3538 804 3591 et
831 3528 903 3590 mibi
930 3548 1022 3611 saepe
1045 3526 1110 3590 usui
1137 3527 1204 3589 luit.

183 3646 402 3712 Recentiorum
418 3657 541 3732 praeter
556 3642 714 3729 liduigium
732 3657 762 3709 et
778 3643 945 3723 Plumium,
969 3645 1054 3709 cuius
1078 3645 1206 3727 diligen-

184 3766 226 3830 tia
246 3767 278 3829 in
300 3767 391 3830 rebus
407 3766 575 3830 notioribus
598 3767 729 3830 maxime
754 3765 953 3849 perspicitur,
984 3761 1116 3827 Orellius
1141 3765 1206 3826 lere

183 3885 265 3948 solus
288 3884 431 3949 brevibus
454 3887 508 3949 sed
531 3905 603 3949 vere
627 3885 723 3948 doctis
745 3883 991 3947 annotationibus
1013 3893 1107 3945 toturn
1127 3879 1205 3945 Per-

184 4003 260 4065 sium
283 4003 463 4080 illustravit,
488 4003 584 4066 eeteri
604 4004 740 4084 singulos
760 4003 845 4065 locos
867 4011 1055 4079 tractarunt,
1080 4022 1204 4083 quorum

183 4121 352 4186 doctrinam
382 4121 504 4183 multum
535 4118 605 4180 niti
635 4118 801 4202 proluisse,
832 4131 936 4200 gratum
961 4140 1108 4203 agnosco.
1149 4118 1206 4183 llic

183 4250 285 4306 autem
307 4241 344 4304 de
367 4239 482 4303 duabus
507 4236 597 4301 rebus
627 4235 761 4301 breviter
789 4238 860 4301 mibi
890 4239 1071 4302 monendum
1102 4237 1204 4303 video.

184 4356 223 4424 (2.
241 4357 277 4422 ll.
296 4359 374 4424 enim
393 4357 561 4425 lleiuricbii
576 4356 705 4423 schedas
728 4368 761 4422 et
782 4359 1003 4444 praelectiones
1019 4358 1049 4420 iu
1065 4354 1206 4420 Persium
