2574 5054
182 716 249 788 252
414 721 547 795 scunt.
568 719 623 782 Au
647 717 730 782 SAT.
752 721 776 795 l,
800 724 952 785 17-20.

272 895 323 955 17.
344 893 472 971 liquido
484 912 548 952 cum
559 894 718 972 plasmate.
750 887 886 968 Πλάσμα
899 889 1001 951 dicitnr
1015 888 1211 951 medicamen·
1272 932 1275 939 1

185 988 260 1048 tum,
283 997 338 1057 quo
352 988 522 1038 recreantur
536 978 636 1038 iances
652 978 777 1038 clamore
792 979 947 1038 sauciatas.
976 976 1046 1037 Item
1062 978 1211 1056 Is'quc'dum

181 1063 320 1141 plusion,
344 1082 399 1142 quo
415 1064 638 1136 resternatur,
660 1063 715 1124 hoe
733 1073 780 1124 est
792 1082 846 1145 per
859 1059 987 1122 humidas
1003 1063 1103 1124 fauces
1119 1063 1211 1134 venit,

186 1158 216 1207 nt
229 1146 373 1226 virgtt.1:

604 1243 636 1294 ct
650 1235 726 1294 udos
744 1234 823 1294 occis
844 1233 912 1292 iter.

185 1316 242 1377 Vei
259 1319 378 1396 plasma
402 1317 472 1377 lenis
493 1318 653 1391 cantilena,
679 1319 727 1379 vei
756 1317 916 1378 deficientis
938 1317 1059 1396 gutturis
1080 1313 1212 1376 medion-

184 1413 308 1462 mentum
324 1408 346 1461 ².
379 1402 434 1463 Vel
450 1404 562 1481 ls‘qut'do
574 1404 740 1482 plasmate,
755 1402 784 1462 id
800 1415 864 1475 est,
879 1404 1036 1483 exquisito,
1051 1406 1213 1481 touqunm³

185 1506 222 1548 eo
237 1488 361 1560 laveris,
376 1508 474 1568 purum
489 1485 648 1549 reddideris
661 1499 759 1568 guttur
772 1490 840 1549 fletu
854 1489 995 1548 foemineo
1010 1488 1159 1566 agitatum.

274 1576 324 1634 18.
345 1574 489 1634 Patrontt'
506 1571 631 1652 fractus
660 1575 763 1634 ocello.
806 1575 935 1634 Fructus
964 1570 992 1632 id
1019 1571 1212 1644 setestatus,

186 1656 376 1719 effeminatus.
406 1660 566 1731 Potrnnti,
582 1659 796 1719 consummanti.
840 1656 1047 1718 ‘Patentis
1071 1667 1131 1717 est
1151 1659 1211 1717 rei

184 1761 380 1804 venereae
409 1744 600 1823 perfectio
629 1745 688 1805 vel
722 1745 1009 1816 consummatio,
1044 1740 1141 1803 unde
1171 1752 1212 1802 et

182 1839 320 1906 potres
341 1826 441 1889 dicti
461 1848 523 1901 eo,
556 1827 652 1908 qnod
674 1829 889 1908 patratione
916 1838 1076 1907 peracta
1101 1827 1212 1887 iiiios

185 1917 431 1992 procreant⁴.
475 1913 564 1973 Item
585 1915 714 1973 ocello
736 1932 799 1994 per
822 1909 1092 1994 sirenuo'poopa:
1120 1913 1212 1991 qnia

186 1996 289 2055 ilium
312 1995 576 2057 contrahendo
598 2000 774 2058 minorem
802 1997 914 2070 facit,
942 1995 1035 2056 unde
1055 1997 1212 2055 Iuvena-

187 2080 237 2140 lis
256 2084 285 2140 ⁶:
313 2084 526 2161 oculosque
548 2081 688 2162 e'nss'ue
709 2083 953 2143 trementes*
995 2080 1212 2160 Etesthypai-

187 2164 268 2244 lnge,
284 2177 331 2226 ut:
351 2169 450 2246 pictus
466 2187 522 2226 ocu
537 2169 718 2247 chlamydem
735 2172 766 2239 ⁶,
790 2166 864 2247 quod
879 2167 941 2226 fieri
956 2165 1031 2225 solet
1045 2186 1101 2225 non
1116 2165 1211 2225 soiunr

187 2250 309 2310 ablativo
331 2272 417 2323 casu,
445 2272 515 2313 vero
532 2254 616 2313 etism
628 2254 809 2323 accusativo,
829 2262 877 2311 ut:
902 2254 982 2311 nudo
1001 2271 1081 2329 genu
1100 2256 1120 2309 ⁷.

276 2340 325 2399 19.
347 2340 404 2397 Hic
426 2358 519 2416 neque
541 2357 621 2398 more
635 2338 741 2417 prodo.
784 2338 842 2396 Hic
855 2336 925 2396 dicit
939 2338 966 2395 in
982 2335 1138 2407 auditorio,
1161 2336 1211 2395 nbi

187 2422 310 2481 recitant
324 2433 445 2500 poetae,
467 2423 513 2483 vei
528 2424 575 2483 hic
589 2443 640 2502 pro
656 2433 743 2495 tunc,
767 2432 798 2481 et
819 2422 873 2481 boc
894 2421 977 2482 dicit:
1002 2423 1070 2480 Cum
1086 2421 1213 2481 molliter

187 2507 320 2585 leguntur
341 2509 481 2580 carmina,
503 2507 673 2568 audientium
694 2527 805 2588 qnoque
821 2509 905 2566 animi
921 2505 956 2566 sd
971 2505 1112 2566 libidinem
1129 2509 1211 2566 exci-

187 2602 291 2651 tantur.
327 2591 512 2652 Laudantinm
535 2594 670 2653 laetitiam
691 2595 864 2664 insectatur,
887 2612 949 2652 cnm
969 2603 1018 2651 aut
1038 2590 1210 2653 tumultuose

188 2677 327 2747 clamant,
353 2688 402 2736 aut
417 2679 578 2738 obscoenos
593 2690 685 2738 motus
700 2677 787 2737 edunt
802 2676 835 2736 ad
851 2676 1028 2737 dulcedinem
1044 2679 1209 2748 carminum,

188 2781 261 2842 quae
282 2762 443 2822 effeminant
465 2783 549 2823 sures
571 2766 724 2836 intantum,
747 2773 779 2822 ut
797 2762 968 2822 audientium
991 2781 1103 2842 quoqne
1123 2764 1211 2822 animi

188 2846 387 2908 dissolvantur.

273 2938 325 2996 20.
347 2937 486 3012 Ingentes
509 2944 602 2994 sutem
628 2936 707 2994 Titos
730 2929 799 2993 dicit
813 2944 861 2993 ant
874 2934 1050 3012 generaliter
1064 2931 1210 2992 Romanor

188 3029 338 3078 senatores
360 3039 376 3078 a
398 3020 462 3078 Tito
485 3020 567 3078 Tatio
588 3019 754 3078 Sabinorum
776 3039 865 3098 rege,
894 3029 943 3078 sut
964 3029 1043 3078 certo
1059 3037 1076 3077 s
1092 3019 1212 3078 membri

188 3105 277 3163 virilis
308 3104 498 3182 magnitudine
527 3104 595 3164 dicti
616 3105 682 3177 Titi.
727 3103 804 3165 Idem
824 3104 961 3164 valuisset
984 3105 1009 3162 si
1032 3101 1137 3162 Lucios
1161 3114 1212 3163 sut

187 3187 303 3249 Marcus
326 3199 374 3249 aut
393 3189 507 3248 Publius
530 3189 659 3249 dixisset.
751 3191 849 3262 Titos,
881 3188 1044 3272 εἰρωνικῶς
1065 3188 1210 3248 Romanos

188 3277 317 3354 equites,
338 3276 480 3354 principes
499 3295 618 3352 magnae
642 3277 818 3334 auctoritatis
841 3285 871 3334 et
892 3274 1017 3333 honoris.
1119 3275 1211 3334 Titos.

188 3359 262 3419 Tres
285 3362 359 3420 onim
383 3363 479 3420 curiae
502 3361 615 3420 fuerunt
636 3363 725 3439 primo
741 3360 864 3432 Romae,
889 3359 1050 3430 Titienses,
1065 3357 1212 3431 'Rasnnes¹

187 3443 333 3504 Luceres:
357 3445 499 3505 Titienses
521 3467 539 3505 a
561 3446 625 3504 Tito
647 3446 729 3504 Tatio
751 3465 822 3524 rege
846 3444 1010 3504 Sabinorum
1026 3445 1165 3523 participe
1182 3447 1212 3503 in

187 3549 278 3606 regno
294 3528 413 3589 Romuli.
435 3531 558 3589 Ramnes
574 3551 591 3590 a
606 3530 723 3590 Romulo
738 3533 785 3612 qni
800 3531 914 3590 Romam
931 3527 1063 3590 condidit.
1079 3527 1211 3590 Luceres

188 3634 206 3674 o
220 3614 400 3687 Lucumone,
421 3617 468 3697 qui
484 3615 633 3696 aliquando
649 3615 767 3675 Romulo
783 3617 914 3674 auxilium
929 3613 1026 3686 dedit3
1049 3613 1096 3672 aiii
1113 3634 1129 3673 s
1145 3614 1211 3674 inco

188 3702 407 3759 nominaverunt.
437 3701 475 3758 Et
496 3711 542 3760 est
562 3720 682 3760 sensus:
709 3703 787 3761 Haec
808 3703 882 3759 enim
905 3721 967 3759 cum
990 3699 1151 3760 effeminate
1167 3700 1212 3760 ie-

188 3796 292 3863 guntur
313 3787 454 3857 carmina,
484 3785 653 3845 audientium
678 3805 788 3868 quoque
811 3787 957 3845 solvuntur
979 3785 1072 3844 animi.
1110 3783 1211 3871 Itaque

189 3888 282 3950 neque
305 3890 382 3931 more
405 3870 543 3942 honesto,
573 3891 665 3952 neque
694 3892 766 3932 voce
793 3870 867 3932 virili
896 3869 1019 3930 laudant.
1120 3869 1210 3930 Item:

191 4056 202 4107 1
222 4054 297 4119 virg.
316 4055 380 4107 Aen.
400 4056 456 4115 vti.
476 4057 525 4109 5³3
539 4073 578 4123 sq.

189 4122 251 4181 21n
270 4125 327 4175 cod.
352 4124 412 4176 Por.
438 4126 505 4178 8272
525 4127 588 4176 hoec
607 4126 738 4176 annotatio
756 4132 813 4189 est:
842 4124 1018 4188 „Plosmcte‚
1038 4125 1211 4188 gargarismo,

224 4192 338 4243 innssco.
374 4192 504 4244 Fenuscus
529 4195 625 4246 dicitur
650 4191 799 4252 nausson,
826 4191 892 4259 quod
910 4201 950 4243 est
967 4189 1044 4259 φωνή
1062 4208 1131 4253 vox,
1151 4194 1212 4245 inds

224 4263 290 4312 enim
309 4277 358 4311 vox
376 4265 535 4329 purgatur.“
745 4261 761 4314 3
781 4261 844 4326 Lep.
864 4267 922 4312 tum
941 4264 1021 4312 oum?

190 4330 286 4383 ticio.
307 4331 391 4394 origg.
411 4331 479 4392 vm,
499 4332 523 4382 5.
751 4331 766 4381 5
785 4329 841 4381 inv.
860 4329 918 4392 vti,
936 4331 998 4382 tit.

191 4398 299 4465 dVirg.
319 4400 385 4451 Aen.
404 4399 452 4462 tx,
472 4401 532 4457 582.
647 4397 1159 4466 tvirescamus.unientem,
1181 4426 1207 4459 „-
