2574 5054
195 743 258 811 166
497 748 580 811 snt.
596 750 646 825 IV,
661 749 935 812 ARGUMENTUII.

193 932 278 993 stem,
294 941 312 982 e
326 919 474 1001 tragoedia
483 924 667 992 notissimum,
676 921 805 982 similiter
812 921 920 981 Platon.
928 921 1055 982 Alcibll
1069 943 1097 1001 p.
1109 927 1170 986 113
1179 922 1216 983 n.

195 1005 353 1067 Hadrianus
376 1010 531 1086 imperator
553 1025 591 1068 ex
612 1008 731 1066 oraculo
751 1009 845 1067 iussas
867 1009 895 1066 in
911 1005 1013 1067 furiosi
1028 1008 1148 1068 alicuius
1163 1006 1217 1067 do-

127 1153 137 1163 ,
195 1111 268 1151 nuum
295 1093 341 1152 vel
364 1112 466 1152 nomeu
493 1094 623 1171 isrepere
644 1091 774 1152 Orestam
803 1093 899 1151 urbem
929 1091 1070 1167 condidit,
1098 1093 1216 1172 Lampr.

195 1176 306 1255 Ileliog.
323 1183 353 1240 7.
396 1179 490 1237 Varro
513 1178 612 1237 librum
634 1179 780 1257 inscripsit
818 1180 937 1237 Orestes
957 1180 1008 1237 vel
1033 1180 1214 1240 (1111111111.

195 1259 267 1322 Geli.
282 1262 359 1337 XIII,
374 1269 404 1326 l.
427 1264 494 1323 Non
509 1282 613 1337 santo,
628 1285 657 1325 v.
673 1268 727 1326 tt.

449 1597 472 1665 S
515 1604 546 1665 A
589 1600 619 1666 'l'
660 1599 677 1666 Ι
721 1599 753 1665 R
795 1604 826 1665 A
897 1598 954 1665 IV.

533 1721 873 1785 ARGUMENTUII.

278 1859 308 1919 ln
337 1860 392 1919 bac
412 1861 500 1919 satira
522 1858 637 1919 Persius
659 1860 776 1939 vulgare
790 1861 886 1921 vitium
900 1869 995 1931 notat,
1016 1878 1072 1940 quo
1086 1859 1218 1921 homines

196 1963 229 2004 se
250 1946 328 2024 ipsos
350 1943 487 2004 noscendi
508 1944 632 2005 laborem
654 1947 817 2024 fugiendas,
839 1947 972 2025 propriae
992 1947 1108 2005 vanitati
1129 1957 1218 2026 atque

196 2029 313 2089 aliorum
329 2033 516 2090 assentationi
538 2028 642 2104 liduut,
664 2042 695 2092 ct
709 2032 802 2091 aliena
816 2033 884 2090 vitia
900 2050 1002 2090 curare
1023 2041 1107 2111 atque
1123 2034 1217 2091 corri-

156 2141 162 2152 ·
195 2134 267 2194 gere
283 2137 363 2196 quam
380 2117 493 2195 propria
516 2118 630 2176 malunt.
689 2116 778 2190 Quam
799 2137 861 2176 rem
882 2118 922 2175 ita
941 2114 1123 2199 aggreditur,
1152 2128 1219 2177 uta

197 2200 387 2281 dialogo,an
409 2204 484 2262 inter
506 2202 667 2262 Platonicos
687 2201 844 2263 Alcibiadis
865 2203 968 2282 prioris
990 2222 1093 2263 nomen
1108 2203 1166 2262 lert
1185 2213 1219 2264 et

197 2288 288 2346 simile
310 2298 504 2366 argumentum
528 2298 648 2361 tractat,
667 2290 774 2349 initium
789 2299 897 2360 sumat,
913 2299 943 2348 et
957 2307 1091 2348 summam
1106 2307 1218 2362 eorum,

197 2393 270 2454 qnae
286 2373 323 2434 ibi
339 2375 413 2433 iuter
429 2372 577 2434 Socratem
603 2384 635 2434 et
652 2372 828 2435 Alcibiadem
850 2372 1060 2453 disceptantur,
1076 2385 1217 2453 quatenus

195 2460 224 2519 iu
239 2477 299 2519 rem
315 2477 393 2518 suam
417 2459 539 2533 faciunt,
554 2470 771 2538 repraesentet,
786 2461 825 2519 ita
839 2471 951 2532 tamea,
966 2469 1013 2531 ut,
1028 2478 1090 2519 cnm
1106 2459 1218 2538 singula

197 2542 340 2605 leucinde
356 2555 499 2604 mutuasse
515 2564 578 2604 eum
600 2546 670 2604 eatis
692 2546 770 2605 clare
786 2555 939 2624 appareat,
959 2563 1011 2602 suo
1027 2555 1120 2604 111111
1135 2564 1218 2605 more

196 2628 334 2709 modoque
350 2631 443 2688 omnia
454 2632 607 2708 exprimat,
623 2629 716 2690 demat
730 2651 782 2710 pro
797 2630 883 2689 lubitu
900 2628 1051 2710 addetque,
1066 2640 1144 2690 etse
1158 2649 1218 2690 anu

196 2716 375 2795 praescripta
390 2715 543 2788 imitatum,
565 2713 616 2774 sed
636 2717 788 2795 propositis
811 2715 967 2775 liberaliter
987 2734 1066 2775 nsum
1082 2734 1149 2776 esee
1165 2714 1218 2775 de·

197 2810 343 2861 monstret.
386 2800 483 2880 ltaque
506 2821 541 2860 ue
563 2819 702 2881 personas
725 2800 834 2881 quidem
857 2800 985 2860 Socratis
1009 2812 1040 2860 et
1057 2799 1217 2862 Alcibiadis

197 2888 237 2946 ita
257 2896 363 2957 servat,
383 2897 415 2945 ut
440 2907 494 2945 non
517 2884 653 2967 quaedam
676 2885 848 2958 admisceat,
871 2905 943 2966 quae
966 2885 1081 2945 Romanu
1104 2888 1218 2965 sapiant

197 2973 289 3051 potius
304 2991 385 3049 quam
400 2969 540 3032 Athenas.
572 2971 653 3031 Sicut
666 2991 735 3032 vero
750 2973 778 3030 iu
794 2971 906 3050 dialogo
922 2971 969 3030 illo
986 2969 1121 3031 Socrates
1136 2971 1218 3031 Alci·

196 3055 358 3138 biadenr]‚de
373 3057 460 3116 rebna
475 3058 595 3136 publicis
612 3061 843 3117 concionaturum
859 3057 1000 3116 convincit
1016 3057 1083 3115 nibil
1098 3076 1163 3116 eum
1179 3054 1216 3118 de

198 3144 249 3215 bie,
265 3162 338 3223 quae
354 3145 473 3221 egregie
489 3143 655 3202 calleresibi
670 3141 810 3216 videatur,
825 3145 993 3212 certiscire,
1008 3143 1049 3201 ita
1063 3140 1099 3202 de
1114 3140 1217 3204 eadem

197 3248 229 3289 re
245 3228 405 3308 loquentem
429 3227 536 3287 inducit
558 3226 723 3299 Socratem,
745 3230 792 3308 qui
812 3228 918 3287 acerba
940 3229 1031 3286 ironia
1051 3247 1135 3300 nans,
1151 3247 1217 3287 eum

196 3313 265 3375 111111
281 3332 389 3382 eorum,
405 3332 477 3393 quae
499 3314 629 3393 populum
652 3312 797 3373 docturum
820 3333 852 3372 se
867 3315 964 3384 iactat,
979 3314 1094 3391 cognita
1109 3312 1217 3374 babere

196 3397 342 3460 contendit
357 3406 395 3473 (v.
414 3404 540 3471 1—15).
584 3398 689 3477 Tangit
708 3397 810 3458 deinde
832 3418 997 3478 perversum
1024 3396 1098 3478 quod
1122 3395 1159 3459 de
1182 3418 1217 3459 ee

195 3484 300 3545 babeat
314 3482 454 3555 iudicium,
475 3495 506 3543 et
520 3504 556 3544 eo
571 3483 715 3564 procedit,
731 3494 761 3542 ut
775 3482 860 3556 dicat,
877 3504 939 3544 eum
955 3486 1081 3562 quamvis
1095 3494 1218 3544 extenua

196 3571 305 3650 specie,
321 3566 441 3640 divitiis,
464 3579 494 3628 et
517 3571 661 3630 nobilitate
678 3569 830 3640 confisum,
857 3570 882 3628 si
896 3570 1042 3649 consilium
1059 3580 1216 3651 spectetur,

195 3653 232 3715 sd
247 3653 321 3735 quod
336 3655 420 3713 vitam
436 3674 515 3713 suam
537 3645 656 3733 dirigat,
678 3654 745 3713 111111
767 3653 881 3715 differre
904 3675 921 3713 s
944 3655 1100 3713 miserrima
1116 3653 1217 3734 plebe·

196 3740 270 3813 cula,
286 3759 370 3820 quae,
384 3749 415 3798 ut
428 3738 502 3798 bona
525 3742 583 3799 vita
604 3741 729 3812 leuatur,
752 3760 783 3799 se
806 3758 914 3820 suaque
929 3741 957 3798 in
978 3751 1109 3820 qnantum
1124 3741 1218 3818 possit

195 3829 293 3896 iactet,
310 3821 383 3906 qnod
399 3826 529 3904 exemplo
544 3823 630 3885 docet
648 3824 794 3894 aniculae,
815 3845 888 3905 quae
903 3825 983 3884 olera
998 3824 1125 3884 vendens
1139 3844 1217 3885 mer·

196 3931 258 3970 coru
281 3930 378 3982 suasu,
407 3921 438 3969 ut
456 3911 530 3971 bene
559 3912 651 3982 vivat,
681 3912 835 3971 emtoribus
866 3931 927 3970 cnm
957 3912 1082 3970 clamore
1112 3913 1218 3988 ingerit

197 3999 358 4070 (tt-22).
396 3996 456 4055 1111
472 3997 601 4075 exemplo
617 3998 762 4075 proposito
776 4007 877 4075 aperte
893 3998 1021 4056 enuntiat
1035 3997 1217 4067 septemium,

139 4083 142 4088 ’
196 4083 242 4140 eui
257 4079 442 4160 explicandae
465 4080 533 4140 illud
553 4080 694 4154 adhibuit,
717 4083 855 4141 neminem
872 4101 904 4141 sc
920 4084 1009 4159 Ipsum
1026 4101 1133 4160 suaque
1147 4082 1217 4140 vitia

196 4185 389 4244 cognoscere,
415 4164 465 4225 scd
487 4185 518 4226 se
540 4168 602 4245 ipso
618 4177 780 4226 contentum
795 4168 888 4225 allana
909 4177 1010 4226 taxare
1028 4174 1066 4240 (v.
1082 4170 1133 4228 23.
1149 4170 1216 4238 24).

196 4250 277 4324 Quod
292 4248 393 4311 deinde
416 4252 479 4310 aliis
501 4252 639 4330 exemplis
660 4252 799 4324 illustrat,
822 4271 894 4331 quae
916 4271 978 4311 cum
994 4251 1140 4311 Platonico
1155 4250 1217 4309 dia·

196 4338 262 4417 logo
278 4336 345 4395 nibil
360 4335 465 4396 babent
487 4356 643 4409 commune,
666 4349 696 4397 et
710 4356 727 4397 e
742 4340 801 4396 vita
816 4334 977 4416 quotidiana
991 4339 1100 4417 petita,
1116 4334 1216 4396 vividis

195 4423 338 4483 coloribus
353 4419 465 4501 depicta
486 4424 666 4502 praecipuam
689 4421 781 4483 Persii
802 4425 951 4497 virtutem,
974 4442 1047 4503 quae
1069 4424 1096 4482 11
1112 4421 1216 4481 talibus
