2574 5054
84 39 1278 315 —

460 699 826 773 PROLBGOHENA.
1093 732 1150 777 ctrr

131 895 222 964 gem
234 874 292 943 rix
312 886 419 942 notum
441 877 499 944 init
518 885 641 963 prseter
660 878 820 959 scenicos,
836 879 939 964 itsqoe
953 898 1021 944 cnm
1036 880 1073 946 de
1090 878 1150 947 So·

131 980 248 1065 phronis
269 978 371 1045 nimis
390 979 578 1057 audivisset,
602 980 736 1046 eiusdem
757 981 880 1065 generis
906 1000 960 1047 nos
975 1001 1044 1047 esse
1060 983 1148 1048 incito

129 1081 183 1148 siti
203 1079 368 1168 pennesit.
407 1078 451 1148 Ut
473 1083 512 1149 te
533 1082 600 1148 eins
620 1082 800 1149 assertionis
821 1083 879 1147 fide
894 1083 1046 1161 dubitem,
1070 1086 1150 1168 qued

130 1184 199 1250 tecit
226 1182 351 1272 (irpsrr
378 1185 572 1270 properate
596 1181 1033 1272 eom.1)or.lp.ti5sq.),
1062 1186 1148 1263 tecit,

128 1287 203 1372 prod
226 1285 273 1351 its
296 1288 363 1352 tere
385 1286 423 1353 te
443 1287 544 1352 minis
564 1284 751 1373 Sophroneis
776 1287 940 1371 loqoontor
960 1287 1095 1373 entiqoi,
1118 1299 1152 1353 ot

128 1389 382 1455 maceriem
404 1399 573 1475 temporum
595 1389 694 1456 minis
714 1386 863 1455 Romanis
879 1400 988 1455 notura
1004 1401 1037 1456 et
1050 1390 1152 1454 indole

129 1490 266 1557 tirersos
286 1490 483 1576 significent,
506 1493 679 1576 nullumque
699 1493 842 1558 scenicae
862 1491 1153 1578 repraesentetiorris

129 1594 289 1679 mtigiom
304 1603 428 1674 exstat,
444 1604 526 1676 tom,
542 1594 620 1679 qnod
635 1616 727 1681 proso
741 1595 880 1661 oratione
895 1595 1000 1680 scripti
1017 1597 1149 1660 socrum.

130 1694 238 1782 Neque
253 1696 334 1760 eninr
349 1715 498 1780 unquam,
521 1697 600 1783 qnod
614 1697 729 1778 seiam,
752 1698 830 1783 epod
850 1698 990 1781 antiquos
1011 1697 1042 1762 in
1059 1716 1153 1763 scone

130 1807 391 1886 repraesentrtnm
413 1809 462 1865 est
482 1800 561 1884 qnod
583 1819 646 1865 non
665 1799 806 1866 verritur
828 1800 1025 1886 compositum
1047 1800 1151 1879 inerit,

131 1901 287 1986 proseriae
308 1899 457 1966 orstionis
478 1901 528 1966 hic
551 1901 651 1967 nnllns
670 1922 765 1981 osus,
788 1901 879 1968 etiem
902 1903 981 1986 epod
995 1900 1154 1967 Romanos

131 2012 251 2068 ertone
271 1998 343 2068 ilice
366 2004 507 2088 antiquae
528 2014 559 2069 et
578 2003 698 2070 irbnhe
721 2002 884 2070 Atellenee
905 2003 1045 2069 versibus
1065 2014 1155 2069 erent

133 2103 331 2188 perscriptee.
368 2098 480 2168 Mirum
500 2103 622 2170 ridetur
641 2102 774 2170 monem
797 2103 891 2188 (Dor.
915 2101 944 2167 tl
960 2127 991 2190 p.
1007 2101 1103 2185 36¹2),
1127 2104 1155 2169 si

133 2204 180 2268 illo
202 2216 343 2289 tempore
366 2215 455 2289 poete
477 2206 643 2271 lectoribus
665 2217 781 2271 tontum
806 2205 992 2289 scripsisset.
1037 2203 1154 2271 Verum

136 2327 192 2369 non
213 2306 365 2391 legendos
384 2307 506 2391 scripsit
527 2304 668 2392 Sophron
682 2308 789 2373 mimos
804 2308 858 2373 sed
877 2306 1062 2385 audiendos,
1087 2305 1156 2368 tum

135 2409 199 2472 rivo
222 2429 301 2473 voce
325 2420 356 2472 et
378 2409 500 2475 notione
522 2429 540 2473 a
561 2411 640 2476 scito
662 2411 831 2476 tabulatore
860 2408 1086 2485 recitabantur,
1116 2407 1154 2472 dc

134 2532 256 2593 quornm
285 2522 353 2575 arte
382 2513 471 2576 modo
499 2512 609 2578 dietum
639 2526 699 2580 est.
737 2512 824 2577 Herc
845 2522 942 2576 ortem
965 2507 1155 2596 Sophronem

135 2614 324 2679 exercitasse
350 2613 513 2680 verisimile
536 2627 604 2696 est,
634 2626 667 2683 et
687 2616 783 2702 ipsum
805 2615 912 2678 mimos
940 2633 1012 2678 suos
1041 2611 1154 2696 egisse,

136 2735 308 2800 qoomqoom
325 2716 464 2782 doecre
481 2716 556 2782 nihil
573 2719 712 2783 trstitnm
728 2728 786 2783 est.
827 2715 878 2782 Eo
892 2727 994 2781 tomen
1015 2714 1157 2796 vulgares

137 2822 266 2884 artifices
289 2819 380 2902 longe
401 2819 576 2904 superavit,
600 2821 679 2904 qnod
701 2841 762 2884 non
785 2830 948 2885 contentos
969 2814 1157 2881 ooditoribns

139 2922 255 2987 inanem
277 2921 427 3005 quantam
450 2922 632 3007 voluptatem
656 2923 822 3008 praebere,
846 2921 955 2985 altiore
983 2921 1105 3005 ingenio
1128 2931 1159 2983 et

139 3026 216 3089 sorio
232 3024 335 3088 studio
350 3023 444 3089 vitem
459 3024 612 3089 hominnm
634 3023 894 3110 contemplabatur
915 3033 1057 3106 tantaque
1079 3022 1159 3089 veri-

140 3137 194 3192 tate
211 3138 244 3190 et
259 3125 336 3191 artis
351 3127 459 3211 peritis
475 3125 746 3213 repraesentabat,
770 3137 802 3190 nt
822 3124 932 3191 litteris
955 3123 1090 3189 mandari
1104 3144 1160 3209 par

142 3239 216 3293 esset
238 3248 315 3312 qnae
337 3230 506 3294 effinxerat.
539 3228 625 3294 Haec
646 3248 722 3293 vero
745 3227 901 3293 mimorum
930 3227 1047 3292 indoles
1078 3247 1159 3292 eom·

142 3331 247 3413 peratis
264 3317 425 3396 Theocriti
442 3333 553 3419 idyiiiis
569 3330 679 3416 optime
696 3330 892 3416 perspicitor3
916 3349 991 3413 quse
1013 3330 1045 3393 in
1066 3348 1159 3394 scena

144 3446 202 3498 rota
219 3455 290 3498 esse
306 3454 482 3518 quamquem
498 3434 618 3519 quidem
633 3443 793 3518 potarunt,
817 3443 941 3518 apparet
956 3443 1077 3511 tamen,
1094 3450 1159 3496 eam

145 3535 311 3620 opinionem
335 3536 440 3601 falsam
462 3555 531 3602 esse
548 3540 574 3598 ¹.
620 3532 753 3601 Omnino
776 3536 856 3600 sicot
877 3556 919 3600 ex
942 3535 999 3612 iis,
1023 3552 1100 3618 quoe
1123 3534 1161 3596 de

148 3635 303 3723 Sophrone
324 3638 437 3702 tradite
457 3648 547 3718 sont,
570 3637 757 3703 lineamenta
779 3639 924 3722 quaedam
946 3637 1055 3700 ducere
1076 3635 1160 3712 licet,

147 3740 175 3803 et
195 3740 486 3825 repraesentandam
509 3740 594 3825 quasi
615 3760 871 3824 monogrammam
893 3739 1040 3824 quandam
1056 3736 1161 3819 imagi-

149 3863 227 3920 nem,
252 3843 296 3906 ita
325 3841 440 3906 floridis
466 3843 617 3908 coloribus
639 3843 792 3908 illustrent
814 3864 880 3907 eam
904 3841 1037 3906 carmina
1059 3838 1163 3903 Tiren-

150 3934 248 4009 criteo.
273 3941 376 4008 Nemo
391 3944 491 4009 nescit
506 3966 576 4011 esse
591 3944 672 4010 inter·
687 3944 805 4030 egregii
820 3952 927 4030 poetae
944 3942 1067 4030 idyllia,
1086 3963 1162 4026 quoe

152 4048 250 4112 nerito
278 4047 398 4112 mimica
427 4059 579 4114 vocentur
594 4056 624 4127 ²,
654 4068 779 4132 quornm
801 4046 860 4111 dno
881 4046 1013 4110 monime
1033 4044 1164 4111 admire-

156 4253 216 4305 tm.
234 4253 405 4315 menonem,
431 4251 593 4306 strnbretio
615 4261 716 4323 quaest.
744 4253 775 4304 de
793 4252 936 4304 carminum
952 4250 1164 4302 Tieoortteormn

179 4325 210 4375 sot
227 4339 323 4389 genere
341 4338 391 4375 sne
408 4330 587 4376 revocmornm
605 4324 690 4375 indole
707 4337 738 4374 ne
755 4321 899 4374 virtntiirnr
918 4336 943 4388 p.
961 4321 994 4376 tt
1006 4335 1060 4387 sqq.

154 4408 217 4462 tei.
237 4410 404 4475 Eietstnett,
424 4409 442 4460 Ι.
462 4410 481 4460 t.
501 4426 525 4476 p.
547 4411 580 4464 to
592 4424 646 4477 sqq.
672 4407 829 4462 Reiniroldns
846 4408 878 4460 de
896 4406 1016 4472 penninis
1034 4403 1165 4458 Theocriti

1211 4618 1278 4704 A
