2574 5054
190 785 192 788 ψ
216 761 293 802 triv
527 736 910 832 'PROLEGOMENR

216 929 320 975 veram
335 918 424 992 atque
440 908 540 972 vivam
556 907 716 992 imaginem
732 905 926 986 exhibuerit,
948 907 979 972 id
1000 909 1148 976 attentius
1169 934 1241 977 con·

216 1009 361 1075 sideranti
378 1010 466 1075 lacile
481 1010 653 1095 apparebit,
677 1010 767 1076 aliter
786 1010 977 1075 iudicandum
1001 1032 1072 1078 esse
1092 1013 1131 1078 de
1146 1016 1241 1099 prima

217 1113 284 1178 elus
307 1113 401 1177 satira
424 1123 514 1196 atque
537 1112 574 1175 de
597 1111 721 1178 ceteris.

301 1211 337 1279 ln
360 1215 465 1281 barum
486 1215 565 1281 enim
587 1215 716 1298 quinque
737 1215 897 1279 satirarum
919 1235 1099 1300 unaquaque
1113 1214 1241 1282 Persius

215 1316 397 1382 sententiam
421 1319 549 1402 aliquam
574 1338 591 1382 e
615 1316 772 1401 disciplina
794 1317 890 1380 stoica
916 1317 1086 1382 desumtam
1113 1319 1241 1403 exponit

213 1420 274 1498 ita,
305 1430 340 1484 ut
366 1420 398 1483 in
427 1418 538 1485 scholis
568 1438 621 1483 eas
649 1418 774 1482 tractari
805 1419 964 1484 didicerat.
1002 1418 1071 1484 lloc
1097 1419 1239 1486 facillime

213 1522 394 1607 perspicitur
414 1523 445 1586 in
467 1521 560 1586 satira
582 1530 708 1604 quarta,
732 1540 818 1604 qnam
839 1531 933 1586 totam
955 1543 973 1585 a
993 1519 1176 1586 scholastica
1192 1522 1240 1586 iu·

214 1623 370 1688 stitutione
396 1625 551 1710 pendere,
581 1623 631 1686 vel
661 1642 701 1686 ex
733 1621 902 1688 imitatione
938 1623 1050 1707 dialogi
1085 1619 1239 1687 Platonici

213 1736 312 1811 patet,
336 1746 427 1808 equo
444 1725 569 1811 primum
585 1724 776 1808 exemplum,
799 1744 858 1807 quo
873 1725 1054 1790 sententiam
1069 1744 1157 1790 suam
1172 1726 1239 1790 illu·

214 1838 308 1904 strat,
334 1827 454 1912 penitus
476 1837 507 1890 et
521 1847 613 1911 saepe
629 1826 666 1890 ad
682 1825 807 1890 verbum
823 1827 977 1911 expressit
993 1835 1016 1890 ¹.
1052 1825 1136 1892 Nam
1159 1849 1239 1893 sum·

214 1949 293 1993 mam
316 1929 402 1991 buius
424 1928 537 1992 satirae
560 1947 648 2008 esse,
672 1937 706 1991 ut
726 1929 874 2012 exemplis
896 1929 1066 1995 illustretur
1084 1929 1145 1995 istu
1167 1949 1239 1994 seu·

214 2030 329 2111 tentia,
352 2031 510 2114 plerosque
530 2029 683 2109 homiues,
716 2050 772 2094 sua
793 2031 867 2095 vitia
887 2029 1091 2113 cognoscendi
1113 2051 1237 2117 operam

213 2133 384 2219 fugientes,
408 2133 507 2197 aliena
528 2130 691 2212 insectari,
713 2153 769 2196 suo
791 2132 859 2196 loco
876 2131 1020 2195 monitum
1037 2143 1096 2197 est.
1125 2130 1238 2217 Neque

213 2235 304 2299 aliter
318 2256 351 2299 se
368 2254 418 2298 res
434 2233 525 2298 babet
539 2234 570 2296 in
587 2233 711 2299 ceteris.
743 2231 856 2316 Quinta
873 2233 1010 2316 quidem,
1033 2253 1111 2317 quae
1126 2235 1237 2299 totuin

214 2357 252 2402 eo
267 2347 428 2414 versatur,
451 2347 485 2400 ut
500 2333 633 2400 Stoicam
649 2335 818 2399 libertatem
834 2336 968 2400 vindicet
981 2347 1071 2420 atque
1087 2336 1233 2424 explicet,

214 2439 362 2522 quamsit
384 2449 453 2522 apta
477 2457 518 2500 ex
543 2433 717 2501 Stoicorum
738 2437 896 2524 disciplina
918 2449 1055 2523 apertum
1079 2448 1146 2517 est,
1170 2460 1236 2502 eum

213 2541 393 2627 praesertim
415 2539 501 2604 initio
524 2537 694 2604 Cornutum
715 2540 904 2623 alloquatur,
928 2539 1015 2624 eique
1037 2560 1071 2605 se
1095 2551 1233 2607 ostensu·

212 2665 279 2708 rum
295 2643 467 2728 promittat,
493 2641 661 2707 doctrinam
678 2641 744 2707 eius
759 2661 793 2705 se
809 2651 873 2705 toto
888 2653 1014 2727 pectore
1029 2652 1120 2728 atque
1135 2644 1236 2708 animo

213 2744 406 2809 combibisse.
445 2742 488 2809 Ut
508 2743 540 2807 in
562 2742 638 2821 bac,
661 2742 704 2808 ita
724 2743 756 2806 in
777 2743 912 2807 secunda
941 2763 1058 2829 quoque
1085 2755 1118 2809 et
1146 2755 1234 2811 sexta

213 2844 327 2909 amicos
348 2845 528 2928 alloquitur,
557 2845 636 2929 quod
659 2866 725 2909 cum
745 2845 777 2908 in
805 2845 941 2911 secunda
974 2845 1018 2909 ita
1052 2847 1165 2928 iaciat,
1202 2858 1236 2911 ut

211 2943 353 3012 Macrino
378 2947 455 3011 diem
477 2949 608 3012 natalem
632 2948 858 3033 gratulaturus,
889 2967 948 3032 quo
968 2947 1156 3033 potissimum
1180 2948 1235 3015 diis

212 3069 320 3135 preces
336 3050 438 3115 ollerri
453 3050 608 3127 solebant,
633 3049 670 3114 ab
694 3049 949 3134 eins'integritate
965 3060 996 3114 et
1010 3049 1161 3134 probitate
1176 3052 1234 3117 dis·

211 3152 376 3237 putationis
393 3153 429 3216 de
444 3152 538 3219 variis
553 3152 705 3216 bominum
721 3153 801 3217 cirea
817 3171 925 3236 preces
947 3150 1104 3217 erroribus
1117 3159 1131 3195 ²
1145 3155 1234 3218 telam

213 3256 408 3332 exordiatur,
442 3267 473 3319 et
492 3254 533 3319 ita
549 3255 699 3339 quandam
715 3265 816 3319 tamen
832 3253 915 3318 iuter
929 3253 994 3318 eius
1008 3274 1171 3339 personam
1187 3256 1233 3319 cui

211 3357 335 3422 satiram
366 3357 518 3443 inscripsit
545 3357 718 3441 satiraeque
747 3365 955 3440 argumentum
989 3354 1232 3421 coniunctionem

212 3469 352 3544 appetat,
376 3460 407 3523 in
428 3470 517 3524 sexta
545 3459 687 3524 allocutio
712 3458 748 3522 ad
773 3455 902 3522 Bassum
925 3457 999 3521 nibil
1021 3476 1092 3522 esse
1113 3458 1235 3524 videtur

211 3561 271 3625 nisi
286 3561 436 3626 amicitiae
452 3562 589 3640 testatio,
613 3581 711 3644 neque
727 3581 793 3625 cum
810 3570 990 3644 argumento
1005 3559 1139 3638 satirae,
1156 3581 1233 3645 quae

212 3662 249 3727 de
264 3664 366 3750 pravis
388 3664 469 3728 inter
490 3664 626 3729 homines
647 3664 684 3727 de
706 3661 818 3728 divitiis
839 3660 1031 3748 opinionibus
1045 3662 1233 3747 pervulgatis

212 3818 225 3870 l
246 3817 354 3869 Omnino
371 3819 474 3870 ridetur
492 3819 554 3870 nihi
573 3820 636 3870 baec
653 3818 735 3877 satira
760 3817 871 3868 omnium
895 3817 976 3884 primu
996 3831 1012 3866 ι
1029 3814 1118 3868 Persio
1136 3818 1233 3886 scripta

244 3901 312 3939 aare.
331 3886 385 3938 Non
406 3888 487 3940 solum
505 3889 617 3940 saboiam
636 3887 746 3938 maxime
764 3889 849 3952 sapit,
874 3885 919 3936 sed
943 3884 1054 3936 omnium
1071 3887 1234 3953 apertissime

244 3956 349 4006 nimium
375 3957 440 4007 illud
466 3959 543 4008 etiam
569 3960 594 4008 in
621 3957 753 4007 obscoenis
777 3954 943 4021 depingendis
961 3953 1137 4017 demonstrat,
1166 3956 1233 4024 quod

245 4038 334 4141 pprqm
359 4024 441 4105 adniti
467 4028 571 4108 necdum
597 4025 691 4077 dimisti
712 4022 778 4075 sutis
801 4023 898 4105 ingenii
915 4023 1014 4105 signum
1033 4037 1090 4074 esre
1108 4024 1232 4109 uidimus.

268 4107 360 4158 auique
378 4093 437 4143 mdo
455 4109 487 4143 an
505 4095 569 4146 illud
588 4110 688 4161 quoque
711 4100 949 4145 commemoratione
974 4092 1076 4157 dignum
1092 4099 1143 4158 ιιι,
1167 4094 1233 4161 quod

245 4161 271 4209 in
291 4160 338 4210 bac
357 4163 513 4225 potissimum
532 4166 613 4213 satira
628 4163 787 4227 Virgilianae
806 4161 959 4212 imitationis
976 4161 1089 4225 vestigia
1108 4164 1232 4230 quaedum

244 4229 486 4280 animadvertuntur
504 4231 550 4294 (cl.
565 4247 590 4281 v.
605 4234 630 4283 4.
645 4233 678 4284 39
691 4248 746 4299 sqq.
761 4231 833 4295 ll.);
851 4229 991 4294 Virgilium
1008 4230 1077 4283 euin
1095 4230 1122 4282 lu
1135 4233 1233 4284 sobolis

210 4368 227 4421 2
245 4298 397 4416 praesertim
416 4298 560 4349 lectitatum
580 4315 637 4351 ease
655 4306 767 4352 constat.

267 4368 427 4488 e¹ppqeibus
450 4374 564 4420 veterum
589 4369 694 4435 scripsit
717 4368 832 4421 Lasuulx
859 4369 885 4421 in
909 4367 962 4420 ind.
994 4369 1068 4420 lectt.
1100 4367 1230 4439 llerbipol.

244 4450 268 4486 a.
359 4472 365 4485 .
