2574 5054
182 751 247 817 218
264 846 268 855 ⁴
529 753 614 816 snt.
632 754 682 827 Vl,
698 758 835 817 25-28.

268 946 296 984 v.
311 927 448 988 25-33.
471 927 569 985 Messe
589 936 672 984 tenes
687 902 901 1005 propriu'm'ne
917 925 963 983 ita
984 922 1096 984 videtur
1115 925 1207 1004 expli-

185 1008 318 1080 candum,
347 1020 378 1069 nt
400 1030 490 1069 messe
511 1013 636 1090 propria
660 1013 724 1070 m've
754 1013 901 1088 iungatur,
931 1030 1066 1070 consume
1095 1012 1206 1069 fructus

184 1115 316 1174 agrorum
336 1107 466 1167 tuorum,
496 1098 541 1155 cui
563 1095 701 1155 adiectum
730 1108 774 1155 est
799 1095 927 1156 adverbii
950 1095 1013 1154 loco
1040 1106 1145 1167 tenus,
1177 1107 1208 1154 ut

185 1182 377 1259 significetur,
393 1181 530 1260 usquead
545 1183 645 1253 finem,
660 1181 752 1261 quoad
768 1191 928 1260 suppetunt.
952 1181 1031 1253 Quae
1046 1183 1119 1240 ratio
1135 1201 1207 1240 sane

184 1267 353 1325 insolentior
368 1277 430 1339 est,
452 1287 545 1346 neque
561 1287 624 1325 enm
640 1268 702 1326 aliis
719 1267 788 1326 locis
805 1267 886 1345 plene
902 1267 1123 1344 congruentibus
1138 1286 1209 1325 con·

184 1353 296 1411 liemare
313 1372 434 1430 possum.
467 1350 601 1411 Similiter
616 1362 709 1411 autem
725 1351 827 1411 dictum
842 1350 954 1411 videtur
969 1351 1041 1430 apud
1056 1351 1208 1430 Virgilium

185 1438 270 1511 (Aen.
282 1437 304 1508 l,
313 1441 386 1508 737)
403 1448 611 1496 summotenus
629 1440 735 1514 attrgr'r
747 1458 817 1508 ore,
834 1437 880 1496 ubi
897 1435 931 1495 ad
947 1436 975 1494 id
990 1436 1065 1516 quod
1080 1438 1208 1496 sufficie·

184 1522 234 1582 bnt
247 1541 356 1582 summo
376 1515 481 1600 utti'git
500 1543 552 1582 ore
571 1521 691 1582 additum
708 1533 753 1581 est
768 1533 851 1581 tenus
867 1521 902 1580 ad
918 1523 999 1581 finem
1015 1524 1139 1582 ultimum
1155 1543 1209 1581 no·

184 1606 309 1667 tandum.
333 1607 403 1666 Eum
419 1619 513 1667 nutem
529 1630 556 1667 r.
573 1618 658 1668 tenus
673 1629 768 1679 usum,
790 1628 844 1687 quo
860 1628 915 1667 non
931 1608 1013 1667 finem
1029 1608 1135 1679 solum,
1156 1626 1209 1667 ve·

185 1712 246 1752 rum
269 1712 365 1752 earum
389 1712 483 1752 rerum
506 1695 610 1754 seriem
634 1695 790 1771 significat,
826 1713 879 1771 per
900 1713 971 1773 quas
993 1694 1055 1773 quis
1071 1691 1106 1750 nd
1122 1694 1208 1752 linem

185 1779 332 1858 pervenit,
354 1781 463 1836 noterit
483 1781 568 1838 etiem
590 1777 623 1837 G.
647 1778 683 1839 1).
709 1779 823 1855 1101111)
847 1782 875 1836 in
899 1778 996 1837 Wollii
1010 1777 1106 1836 Anall.
1122 1777 1165 1836 lv
1179 1798 1208 1856 p.

185 1867 244 1926 311
264 1883 326 1943 sq,
349 1875 380 1922 et
402 1863 495 1923 attulit
516 1864 604 1922 Curtii
620 1863 710 1922 locum
727 1863 812 1936 (Vlll,
830 1868 880 1935 11,
896 1867 946 1934 0)τ
969 1865 1064 1923 Pauci
1080 1864 1209 1922 bestium

187 1959 272 2008 tenus
294 1950 395 2007 execti
410 1959 605 2027 penetravere
624 1950 666 2008 ud
684 1952 811 2020 Porum,
834 1950 854 2007 i.
870 1968 897 2008 e.
918 1950 958 2007 ita
972 1960 1003 2007 ut
1016 1968 1070 2027 per
1084 1948 1209 2007 bostium

186 2045 273 2103 totam
289 2036 379 2092 aciem
394 2044 619 2112 perrumperent.
648 2033 693 2093 Ex
707 2034 816 2112 vulgari
832 2045 926 2094 autem
941 2032 1146 2112 interpretandi
1162 2052 1211 2093 ra··

186 2121 274 2191 done,
299 2130 330 2178 ut
344 2121 518 2196 significaret
533 2139 624 2197 nsque
639 2121 681 2179 ud
688 2121 844 2198 proprium
859 2139 976 2178 messem
991 2121 1072 2191 vrbe,
1089 2121 1208 2198 primum

186 2204 254 2264 illud
275 2207 340 2263 m'ne
361 2204 414 2264 boc
434 2204 543 2283 quidem
566 2207 630 2263 loco
653 2206 743 2263 minus
763 2216 828 2282 epte
852 2208 971 2285 positum
988 2215 1082 2276 esset,
1106 2217 1164 2263 tum
1181 2226 1209 2263 v.

183 2292 311 2369 propria
334 2310 448 2349 sensum
472 2311 525 2349 non
549 2290 688 2361 baberet,
711 2289 831 2369 denique
848 2293 988 2349 sententia
1004 2312 1058 2348 non
1075 2302 1139 2368 apte
1157 2310 1211 2350 ex-

186 2395 288 2454 pressa
310 2386 397 2434 esset.
426 2375 501 2436 Nam
526 2375 599 2455 quod
621 2377 661 2434 ite
683 2377 710 2434 in
735 2395 770 2435 ea
792 2377 951 2454 primarium
969 2387 1036 2447 est,
1059 2395 1152 2453 arsque
1170 2378 1214 2435 ad

187 2480 324 2531 messem,
341 2460 368 2519 id
384 2481 426 2521 vs.
442 2466 484 2524 26
500 2461 603 2520 dictum
619 2471 681 2521 est:
704 2478 774 2519 occu
782 2505 792 2532 ,
815 2471 846 2519 et
858 2481 943 2539 seges
959 2463 1055 2521 alteru
1071 2463 1101 2519 in
1116 2462 1211 2521 derbe

186 2556 241 2618 est,
259 2547 352 2624 ibique
369 2560 448 2606 recte
465 2558 494 2607 et
509 2558 591 2624 apte,
608 2544 682 2626 quod
697 2566 766 2625 prae
781 2549 886 2604 ceteris
902 2544 1112 2625 exprimendum
1129 2558 1210 2605 erat:

190 2633 279 2690 Utere
291 2634 430 2709 puratis,
447 2632 475 2690 id
491 2652 545 2690 non
562 2633 615 2689 nisi
630 2632 752 2690 obscure
768 2632 953 2709 significatum
971 2634 1082 2691 luisset.
1113 2631 1211 2705 Quare

187 2715 278 2775 ultera
295 2717 342 2774 illa
358 2715 516 2795 explicandi
533 2720 578 2775 vin
600 2714 811 2794 ingrediendum
834 2716 991 2776 videbatur.
1021 2717 1150 2794 Amplius
1175 2737 1211 2776 ee

187 2803 330 2860 sententia
353 2803 511 2880 explicetur
533 2801 644 2860 addito:
669 2812 701 2860 et
719 2806 870 2879 granaria
890 2803 938 2876 (V,
964 2807 1054 2874 110),
1072 2800 1129 2880 sus
1152 2814 1210 2873 est,

188 2888 297 2958 emole,
315 2886 449 2957 exhauri,
467 2890 633 2946 frumentum
650 2886 780 2946 molendo
796 2889 822 2946 in
839 2908 918 2946 usum
934 2891 1019 2947 vitae.
1053 2890 1133 2964 011111
1151 2908 1212 2946 me-

189 2974 272 3031 tuis?
294 2970 364 3031 Sine
388 2973 575 3032 sollicitudine
591 2974 626 3030 iis
642 2975 681 3031 uti
697 2983 796 3051 potes;
821 2993 890 3032 acen
901 3017 909 3044 ,
934 2993 1031 3050 egnum
1053 2985 1128 3031 tuum
1145 2974 1210 3032 cole

189 3056 271 3132 (lior.
288 3077 352 3136 epp.
373 3057 548 3129 11,2,161;
572 3059 641 3116 Cum
662 3068 779 3134 segetes
801 3070 885 3117 occat
909 3060 958 3117 tibi
980 3078 1044 3116 mox
1069 3059 1211 3118 frumenta

187 3142 317 3215 datura),
333 3154 364 3202 et
374 3164 460 3222 seges
475 3146 572 3203 altera
587 3145 617 3201 in
632 3143 726 3202 derbe
740 3153 803 3217 est,
821 3145 869 3202 tibi
885 3155 1012 3203 veterem
1033 3144 1211 3203 consumenti

188 3230 361 3297 succrescit,
378 3250 440 3288 nam
458 3230 625 3290 frunientum
640 3231 667 3286 in
682 3228 771 3286 berba
786 3231 846 3287 sivo
861 3232 887 3286 in
905 3229 1000 3288 herbis
1015 3247 1081 3288 csse
1096 3227 1209 3299 dicitur,

187 3310 261 3392 quod
275 3315 391 3372 virescit
407 3314 523 3374 necdum
540 3315 643 3372 aristas
659 3316 840 3391 procreavit,
865 3316 903 3374 ef.
921 3314 989 3372 Plin.
1006 3314 1041 3372 H.
1055 3313 1090 3372 N.
1105 3314 1210 3383 XVlll,

189 3404 218 3468 7,
237 3402 284 3469 10,
302 3403 351 3459 52.
369 3400 450 3476 Virg.
465 3399 572 3477 Georg.
587 3398 609 3468 l,
626 3402 696 3460 112.
711 3399 773 3457 Tib.
788 3399 822 3469 11,
843 3405 870 3470 1,
888 3403 938 3462 10.
957 3397 1211 3468 Ovtd.tlen.v111,

188 3487 262 3546 289.
280 3484 316 3553 V,
331 3488 403 3545 182.
426 3485 503 3543 Fast.
520 3484 570 3552 lV,
587 3487 659 3553 015,
683 3487 769 3563 intpp.
793 3484 854 3543 Lir.
872 3485 965 3554 XXV,
992 3488 1041 3554 15,
1059 3487 1110 3545 18.
1142 3483 1209 3543 lude

188 3566 224 3626 ed
240 3588 318 3646 spem
335 3571 520 3640 transfertur,
536 3570 634 3627 Frout.
651 3590 715 3647 epp.
732 3568 767 3628 ad
782 3570 849 3628 Ant.
865 3572 932 3648 imp.
948 3569 970 3639 l,
984 3575 1002 3630 5
1017 3590 1045 3647 p.
1060 3568 1212 3631 15111011.

188 3651 268 3714 Orid.
292 3653 359 3712 Her.
381 3654 471 3725 XVll,
494 3658 556 3716 263
580 3654 619 3713 ib.
643 3656 730 3732 intpp.
764 3659 827 3714 Ast
854 3666 942 3715 vocnt
963 3653 1111 3733 qfficium,
1134 3653 1209 3733 quod

188 3739 280 3796 emico
303 3738 440 3798 laboranti
464 3741 590 3798 succurri
615 3739 702 3798 iubet.
737 3742 861 3799 Anticus
887 3743 970 3819 inops
995 3741 1087 3798 factus
1111 3741 1209 3810 trabe,

189 3824 253 3882 navi
270 3823 317 3896 (V,
336 3829 418 3895 111),
434 3835 522 3903 rupta
535 3827 660 3904 prendit
672 3843 749 3883 saxu
768 3826 864 3902 (Virg.
876 3827 950 3885 Aen.
960 3827 1008 3896 Vl,
1023 3828 1086 3887 300
1102 3823 1138 3884 de
1155 3824 1210 3884 Pe·

189 3907 280 3966 linuro
300 3911 455 3988 naufrago:
489 3909 729 3988 Prensnntemque
744 3911 826 3969 uncis
848 3912 974 3968 manibus
996 3913 1089 3988 eapite
1105 3930 1211 3989 aspera

189 3995 302 4064 montis)
326 3998 465 4065 Bruttia,
487 4016 558 4075 quac
583 3996 661 4053 alluit
685 4015 762 4053 mare
785 3997 917 4067 Ionium,
944 3995 979 4054 de
995 3998 1074 4054 cuius
1089 3998 1212 4055 nominis

189 4077 309 4137 diversis
325 4080 497 4156 temporibus
513 4080 626 4139 diversa
641 4082 846 4157 significatione
862 4082 901 4140 cf.
917 4081 1073 4152 Letronne,
1089 4082 1168 4139 reeb.
1185 4102 1210 4140 s.

188 4162 281 4221 Dicnil
297 4187 324 4242 p.
343 4170 402 4227 170
416 4185 477 4244 sqq.
500 4166 530 4225 ln
546 4186 581 4225 eo
597 4167 684 4242 igitur
699 4168 853 4242 naufragus
870 4166 993 4225 condidit
1008 4186 1069 4225 rem
1086 4186 1209 4237 omnem,

189 4249 319 4327 quicquid
336 4249 499 4327 possidebat
513 4251 556 4324 (r.
570 4255 622 4311 31.
636 4255 689 4311 78.
699 4252 737 4308 11.
747 4251 875 4312 Hildebr.
892 4251 1019 4328 ndApul.
1029 4251 1063 4310 de
1073 4272 1146 4329 mag.
1156 4257 1210 4320 77)

190 4344 221 4391 et
235 4355 307 4412 quae
324 4337 349 4393 in
366 4353 466 4393 vanum
483 4355 499 4392 a
515 4335 567 4393 diis
582 4337 721 4414 petierat,
744 4346 812 4394 eota
828 4340 939 4407 surda,
957 4357 1029 4415 quac
1046 4358 1100 4394 non
1115 4335 1211 4395 audite

190 4430 263 4479 sunt.
290 4422 419 4479 Surdum
434 4421 506 4480 enim
522 4420 550 4479 id
565 4440 676 4500 quoque
692 4432 824 4491 vocetur,
841 4421 915 4502 quod
932 4443 986 4481 non
1002 4421 1129 4492 auditur,
1146 4423 1210 4500 quie
