2574 5054
430 762 797 830 PROLEGOHENA.
1054 785 1128 834 exos

96 937 244 1016 mutarit,
267 953 344 1018 quae
365 935 466 1001 minus
487 947 572 1002 reete
595 936 695 1022 posito
716 935 784 1002 risa
805 934 886 1016 sint,
911 946 943 999 et
964 935 1009 1000 sie
1022 947 1128 1002 sueto-

98 1059 164 1104 κω
180 1020 416 1123 interponunt
434 1039 617 1124 eampum.
650 1037 757 1122 quarn
778 1038 908 1124 suspicio
930 1038 961 1101 in
976 1036 1032 1103 m.
1051 1035 1127 1104 tutio

99 1161 139 1204 eo
156 1141 274 1205 facilior
288 1149 353 1219 est,
372 1160 438 1231 oum
454 1140 522 1205 sine
538 1140 715 1227 antigrapho
728 1162 762 1206 so
777 1151 915 1206 tentasse
930 1141 973 1204 ait
988 1137 1127 1206 Persium

100 1243 280 1308 emendare.
327 1238 431 1324 Quare
461 1243 499 1306 de
520 1241 557 1307 iis
580 1244 656 1308 loeis
680 1242 842 1308 videndum
866 1254 932 1323 est,
963 1243 1013 1327 qui
1036 1243 1128 1309 telem

99 1345 305 1430 suspicionem
321 1344 405 1409 abere
421 1344 596 1410 uideantur.

187 1478 236 1544 Eo
252 1479 344 1565 igitur
356 1480 507 1566 pertinet,
524 1480 601 1564 quod
617 1480 695 1566 prol.
712 1478 732 1545 3
747 1490 816 1567 post
830 1481 957 1545 memini
967 1480 1051 1544 addit
1066 1501 1126 1556 me,

100 1594 134 1648 et
154 1606 187 1648 v.
211 1580 231 1644 5
253 1602 307 1667 pro
328 1580 473 1646 inusitato
496 1582 634 1647 lenibunt
653 1583 793 1667 ponitur,
816 1583 895 1666 quod
916 1582 1127 1667 interpretatio

102 1685 169 1749 eius
193 1706 224 1747 v.
250 1694 316 1763 est,
340 1683 489 1748 ambiunt.
529 1682 597 1749 Set.
622 1681 650 1764 Ι,
674 1683 713 1748 31
737 1707 790 1750 vv.
815 1685 893 1770 quid
912 1684 966 1748 dio
984 1693 1129 1770 pomata

100 1794 237 1850 narrent
256 1786 298 1849 ite
321 1787 427 1850 refioto
449 1797 540 1850 sunt:
565 1789 634 1873 quis
658 1786 712 1850 ota
728 1795 877 1872 poemata
897 1796 1026 1861 narret,
1050 1784 1128 1869 quod

100 1891 214 1953 foetum
244 1886 366 1952 videtur
394 1886 432 1953 ob
462 1900 640 1972 sequentem
668 1888 849 1953 recitatoris
881 1889 1126 1972 descriptionem.

102 1989 131 2065 1,
147 1989 190 2054 44
205 2011 261 2076 pro
276 2009 364 2075 quem
379 2012 425 2055 est
439 1991 569 2055 aduerso
585 1990 691 2054 dicere
701 1989 779 2073 seui
796 1990 902 2075 legunt
917 2011 960 2054 ese
975 1990 1046 2054 ado.
1064 1988 1126 2054 die.

90 2092 157 2176 sos
178 2100 242 2171 est,
264 2093 344 2175 quod
366 2093 485 2158 fooilius
507 2092 660 2176 explientu
687 2091 867 2173 videbutnr3
897 2093 1062 2177 eademqne
1091 2093 1129 2158 de

102 2215 197 2260 oense
211 2192 239 2273 1,
257 2191 300 2258 59
312 2194 460 2259 exhibent
474 2195 598 2257 imitato
612 2203 661 2257 ert
674 2215 729 2280 pro
745 2194 880 2279 genuino
895 2195 1032 2271 imitari,
1049 2195 1129 2279 quotl

100 2296 269 2381 repositum
286 2307 334 2361 est
347 2290 387 2360 sb
401 2315 457 2373 eo,
481 2295 531 2380 qni
545 2295 606 2360 looi
620 2306 803 2360 structurum
820 2316 881 2359 non
897 2296 988 2379 oepit.
1024 2294 1130 2361 Unitu-

100 2398 163 2463 tius
177 2397 304 2463 verbum
314 2397 533 2484 premendis
547 2395 740 2461 substitutum
764 2408 812 2461 est
827 2396 936 2460 rariori
958 2397 1129 2482 vegrandi-s

100 2497 201 2577 1‚97.
234 2497 329 2566 Certo
351 2501 479 2566 oonsilio
503 2509 648 2563 mutatum
670 2498 768 2563 videri
788 2508 904 2582 potest,
929 2502 1006 2582 quod
1028 2497 1130 2577 11,13

101 2623 158 2689 pro
174 2623 356 2688 expungam
371 2599 463 2667 Rom.
480 2621 666 2687 espongas,
687 2599 759 2685 Mp.
777 2620 946 2686 repugnes
961 2602 1068 2680 babet,
1096 2614 1130 2669 ut

100 2705 254 2771 addeum
277 2706 450 2783 referetur,
481 2702 530 2788 qui
551 2701 589 2766 nb
611 2721 706 2766 evoro
728 2702 905 2778 invocatur,
938 2714 970 2768 et
989 2706 1130 2789 sequenti

99 2826 152 2872 vs.
175 2827 231 2891 pro
253 2806 361 2871 dubiae
383 2805 597 2890 explicationis
619 2804 714 2868 verbo
736 2802 865 2869 ducitur
885 2806 1033 2872 exhibent
1056 2831 1131 2873 eou-

101 2907 202 2973 ditur.
228 2907 318 2992 Quod
333 2908 446 2994 legitur
460 2903 517 2987 ΙΙΙ,
533 2903 577 2970 29
600 2927 818 2991 censoremque
839 2909 933 2993 potuit
946 2909 976 2974 in
992 2910 1030 2973 ob
1046 2911 1130 2976 inso-

101 3013 217 3077 lentem
247 3011 459 3096 repetitionem
488 3009 597 3095 reponi
626 3030 681 3094 pro
708 3029 921 3087 sonoremoe,
952 3033 1129 3096 quemquem

100 3113 186 3178 foeibi
209 3132 314 3178 errore
336 3131 454 3198 quoque
474 3111 631 3196 proereori
653 3111 757 3194 potuit.
793 3110 837 3175 At
858 3113 992 3178 eiusdem
1016 3115 1131 3178 sotirso

100 3239 135 3280 v·
152 3212 197 3278 to
218 3225 250 3279 et
268 3217 378 3279 bosom
400 3214 492 3279 leutio
515 3212 604 3278 codd.
628 3212 699 3298 Mp.
722 3211 812 3276 Rom.
836 3224 903 3277 orta
919 3226 966 3279 est
981 3235 1022 3279 ex
1036 3216 1130 3280 inter·

100 3317 276 3403 potatione,
300 3318 337 3381 tle
359 3336 417 3401 qun
438 3339 471 3382 v.
496 3336 568 3385 unu.
594 3336 639 3380 or.
673 3311 875 3392 sat.1v,3t
893 3316 1028 3404 strigas,
1052 3318 1131 3401 qnod

102 3430 154 3484 est
176 3420 209 3482 in
231 3418 302 3504 Mp.
327 3418 438 3497 Rom„
469 3437 666 3502 quemquam,
700 3427 732 3480 nt
760 3419 898 3502 exempla
925 3439 1014 3503 supro
1039 3420 1130 3485 allato

101 3530 295 3600 monstrent,
320 3530 352 3585 et
373 3519 608 3584 describentium
632 3537 737 3582 errore
763 3519 850 3584 feeile
872 3522 942 3605 poni
964 3521 1061 3606 potuit
1076 3542 1132 3607 pro

93 3623 208 3709 figas,
233 3634 282 3686 est
303 3633 404 3686 tumen
426 3623 558 3686 sortasse
581 3619 618 3684 ob
634 3642 672 3685 eo
689 3632 877 3699 correctum,
902 3621 952 3707 qui
966 3622 1131 3688 dictionem

102 3735 203 3789 eutem
218 3726 253 3787 s‘u
273 3725 341 3788 solo
352 3723 465 3810 figere
485 3744 546 3788 non
563 3723 736 3799 intellexit3
758 3722 898 3807 idemque
918 3722 1131 3789 dicendumne

102 3848 152 3893 vs.
168 3825 225 3904 35,
248 3825 297 3889 ubi
312 3826 403 3890 lectio
420 3823 509 3890 eodd.
525 3824 596 3909 Mp.
613 3823 703 3889 Rom.
721 3824 757 3888 lei
767 3846 887 3902 mores,
911 3848 978 3890 cum
1000 3847 1018 3890 o
1040 3824 1133 3892 libru-

102 3930 158 3995 riis
181 3949 279 4015 prono
301 3948 406 3992 errore
429 3948 484 4011 pro
505 3930 539 3991 iu
558 3947 661 3990 mores
679 3927 792 4012 scripta
808 3949 878 3993 esse
895 3928 1008 4013 possit,
1033 3928 1131 4013 potnit

102 4044 207 4096 tumen
229 4030 269 4095 ub
292 4050 329 4094 eo
350 4047 469 4114 quoqne
491 4028 631 4094 consulto
652 4030 777 4113 reponi,
801 4029 851 4112 qni
872 4039 1055 4094 structuram
1078 4029 1132 4094 de·

103 4153 219 4220 spuere
240 4133 275 4195 in
296 4152 397 4195 mores
427 4141 459 4197 ot
483 4130 677 4196 oudeeiorem
704 4131 860 4217 corrigere
882 4133 989 4196 voluit.
1030 4130 1131 4197 Inter·

103 4235 227 4322 polundi
249 4233 330 4298 neto
349 4243 433 4319 putet
452 4231 483 4297 in
500 4233 636 4298 eiusdem
651 4231 764 4297 satirae
780 4254 812 4298 v.
830 4230 869 4296 51
887 4233 917 4296 in
932 4256 984 4298 vv.
1009 4232 1134 4321 Reepus

104 4337 192 4425 qnod
203 4358 268 4402 non
283 4357 335 4416 es,
358 4335 411 4400 ubi
425 4356 492 4401 enm
508 4335 626 4420 vulgari
642 4356 748 4400 errore
764 4356 819 4420 pro
835 4357 866 4397 es
881 4335 1024 4420 seriptum
1040 4336 1133 4400 inerit

105 4450 169 4519 est,
193 4448 342 4504 mutatum
357 4449 406 4505 est
420 4438 511 4505 etism
532 4460 565 4505 v.
589 4457 698 4524 respue
716 4437 749 4502 in
770 4445 918 4534 respuat,
942 4436 1132 4523 ooniungen·
