2574 5054
253 113 383 175 SCHOL.
406 113 458 173 ΛΙ)
484 112 567 174 SAT.
590 114 638 187 Vl,
661 119 809 177 :tn—ta.
978 113 1041 179 345

20 306 110 344 meum
132 282 295 357 dealbetur,
319 287 404 345 heres
427 298 557 365 tanquam
580 288 702 345 alienans
719 287 851 346 diminuta
867 286 1037 361 hereditate,

21 373 158 450 negliget.
246 375 375 431 Surdum
390 375 520 450 spirent,
538 384 648 432 eentum
664 372 778 433 odorem
795 394 849 432 non
865 373 993 433 reddant.

106 476 157 535 36.
179 476 240 533 Seu
266 492 368 533 cernae
384 474 512 553 penetrat
530 470 638 534 onaa'ne.
668 474 767 536 Solent
790 477 967 555 pigmentarii
987 495 1038 537 oe·

19 578 87 619 raso
108 577 142 618 ou
159 560 212 619 iam
236 557 413 632 admiscere,
452 560 525 620 slent
545 571 575 621 ut
595 561 665 620 alias
687 581 799 622 merces
828 559 987 621 adulterant
1008 573 1039 624 et

20 578 193 724 empterihus
210 643 346 704 vendunt.

106 733 158 792 37.
185 731 264 789 Tuae
286 730 361 790 bono
383 730 534 789 incolumia
555 731 694 791 mairona?
726 729 823 793 Verha
844 733 939 804 avari,
953 728 1038 814 'quae
1105 801 1112 814 ,

21 813 74 876 sihi
98 835 115 875 a
137 834 189 874 auo
211 814 319 875 herede
341 811 417 875 dicta
439 817 527 895 lingit.
562 815 642 875 'lane
666 836 725 877 rem
748 819 913 877 familiarem
935 815 971 877 ad
993 838 1038 879 me

20 912 111 962 morte
141 897 313 961 delluxnram
343 902 472 960 minnasi
556 902 619 960 Sed
647 901 755 962 destina
789 914 880 981 urget
906 905 1040 963 doctores

25 988 149 1058 Graios,
172 983 282 1057 idest,
303 985 485 1065 philosophos
503 986 657 1045 hostiarum
679 1007 757 1048 more
780 990 924 1048 lerorihns
939 990 1038 1049 animis

21 1072 116 1152 culpat
131 1090 233 1131 avaras
248 1091 302 1145 eo,
317 1070 391 1152 quod
406 1073 461 1151 ipsi
475 1072 652 1152 praecipiant
667 1073 842 1153 largiendum
858 1094 925 1135 esse
940 1076 1039 1135 amieis

22 1157 182 1237 egentibus.

108 1246 159 1305 38.
181 1242 230 1301 1ra
240 1239 304 1321 fit,
323 1251 479 1320 postquam
500 1260 617 1321 sapere.
646 1240 745 1304 Verha
760 1243 873 1305 heredis
889 1246 986 1317 avari3
1009 1253 1041 1305 et

22 1328 77 1388 hoe
99 1325 181 1387 dicit:
209 1326 252 1385 Eo
274 1324 356 1386 modo
377 1328 510 1405 contigit,
532 1338 563 1386 ut
585 1339 730 1390 externam
752 1332 917 1411 sapientiam
932 1332 1041 1411 pariter

22 1433 85 1474 oum
100 1412 260 1493 peragn‘nia
276 1411 416 1472 mercibus
432 1431 600 1473 emeremus.

109 1519 162 1578 39.
186 1515 302 1593 Sapere
322 1514 375 1574 hor
395 1523 548 1587 nostram,
580 1528 679 1576 nostra
708 1518 856 1597 rapientia.
941 1520 1040 1581 Murio

20 1619 140 1681 expers.
170 1599 250 1673 Quae
273 1599 377 1679 navigii
399 1611 464 1661 anta
487 1600 605 1680 ignara,
626 1600 662 1662 ad
683 1622 737 1662 nos
758 1622 812 1684 per
831 1623 911 1664 mare
925 1604 972 1665 vel
987 1624 1041 1685 per

22 1685 206 1767 philosopher
222 1685 361 1745 transivit.

109 1793 159 1852 40.
182 1789 356 1848 Foenaierne
371 1808 473 1849 crasso
487 1790 644 1850 astrorum.
670 1788 848 1851 llnstinornm
863 1792 948 1851 vitam
963 1788 1041 1866 dicit,

24 1871 99 1955 qnod
126 1872 212 1935 edunt
238 1874 326 1945 haee,
353 1875 400 1955 qni
431 1874 545 1934 inanum
569 1886 680 1936 secant.
768 1879 876 1937 Crasso
898 1880 1040 1955 ninguine.

23 1958 139 2035 *Quia
175 1978 251 2020 enm
286 1961 448 2020 rusticis
482 1959 604 2022 olunm
640 1959 858 2035 deiecerit,
894 1961 1041 2041 adipum

21 2043 200 2127 pecodum
226 2046 261 2104 in
290 2045 418 2124 pultes
447 2046 595 2106 missum
616 2066 682 2126 pro
705 2047 787 2107 oleo
809 2049 1041 2126 accipiunt*

21 2129 101 2209 Ergo
117 2131 189 2190 haeo
204 2141 259 2189 tam
276 2128 345 2189 dura
360 2132 432 2202 vita,
446 2151 501 2212 qua
517 2133 601 2191 etiarn
616 2132 777 2212 philosophi
791 2143 920 2207 utantur,
941 2135 970 2193 in
984 2134 1043 2193 lar·

24 2216 142 2297 param
158 2226 273 2275 nostrae
289 2217 364 2275 vitae
380 2235 413 2276 se
428 2218 554 2277 mutavit.

109 2321 161 2378 dl.
183 2319 266 2376 Haeo
280 2319 380 2376 enarro
395 2318 522 2377 ulterior
536 2322 673 2379 metuas?
698 2316 796 2377 Verha
815 2317 909 2379 Persii
924 2316 960 2379 ad
975 2339 1042 2380 ava-

24 2422 100 2472 rum,
116 2403 163 2482 qni
178 2421 210 2461 se
226 2401 261 2461 de
277 2402 371 2462 verhis
387 2403 430 2461 sni
445 2401 577 2475 heredia,
597 2423 633 2463 ne
649 2402 801 2481 largiretur
814 2406 906 2484 inopi,
922 2424 1043 2465 exeusa-

23 2487 91 2558 hat,
113 2497 144 2546 et
158 2487 211 2545 hoe
226 2485 312 2545 dicit:
333 2485 466 2567 Nnnqnid
488 2499 634 2569 postquam
656 2487 782 2566 sepultus
803 2491 909 2560 fueris,
932 2492 1043 2563 timeas,

23 2592 61 2634 ne
76 2573 140 2632 aine
155 2571 288 2632 odoribus
304 2572 390 2632 heres
404 2573 456 2633 tihi
472 2573 560 2633 laniat
580 2573 774 2654 sepulturam?
863 2578 970 2636 Crirere
995 2577 1043 2636 al·

27 2660 140 2730 terior,
166 2655 271 2730 idest,
297 2669 445 2739 postquam
466 2659 559 2719 laetus
579 2659 668 2720 inuris
690 2660 772 2719 cinis.
856 2665 901 2721 At
916 2671 949 2720 tn
963 2681 1042 2722 meus

25 2744 119 2803 heras.
147 2742 246 2802 Ver-ha
265 2754 368 2822 poetae
390 2741 425 2803 ad
448 2763 528 2804 sunm
548 2743 681 2805 heredem
699 2746 821 2805 l'ntnrum
837 2743 976 2807 dicentis:
999 2747 1043 2808 'l'n

24 2848 104 2890 mous
127 2828 230 2899 heres,
253 2830 411 2909 quicunqne
433 2831 508 2901 eris,
535 2841 660 2890 semotas
683 2849 700 2888 a
722 2831 804 2890 turha
825 2830 907 2905 andi,
936 2830 1043 2906 idest,

24 2910 169 2974 dissimilia
184 2923 248 2974 esto
263 2914 299 2974 ah
314 2917 395 2974 istina
410 2914 503 2994 cupidi
518 2915 634 2976 heredis
649 2918 799 2977 sententia.

110 3021 163 3079 43.
189 3017 299 3077 otone
314 3036 382 3076 aum
397 3021 545 3095 ignoras?
572 3017 680 3078 Valens
701 3016 854 3079 ostendere
874 3018 991 3080 Persius
1014 3033 1044 3082 et

25 3101 165 3183 probare,
183 3102 343 3180 largitatem
366 3122 445 3162 suam
467 3123 485 3162 a
504 3102 629 3184 quolihet
650 3102 755 3163 herede
771 3104 846 3163 nnlln
862 3104 943 3164 modo
959 3126 1044 3184 posse

25 3185 171 3334 {impediam
195 3207 241 3332 app
263 3189 306 3260 ei,
329 3188 375 3268 qui
397 3189 536 3289 naufrago
547 3208 615 3332 ᾶιιοιι
639 3200 686 3330 opt
706 3188 841 3266 largitus,
870 3190 969 3332 heppdi
992 3211 1044 3292 suo

25 3284 218 3440 titini„
238 3291 390 3419 itali
403 3282 1043 3438 illiniti::iiiimxiii

27 3444 155 3506 omnihus
177 3445 362 3504 cumulantur.
390 3442 428 3503 Et
446 3465 502 3524 ego
522 3446 550 3504 in
566 3445 702 3504 honorem
718 3442 833 3503 deornm
848 3445 895 3504 vel
909 3448 1044 3526 principis

26 3532 104 3610 genii
126 3531 274 3590 sacrifieiis
295 3548 435 3610 praeparo
457 3532 560 3610 parin²
579 3540 701 3591 centena
726 3539 875 3615 'maetam
904 3531 959 3593 hoe
989 3542 1045 3606 est,

28 3627 139 3677 centnm
154 3627 251 3676 tauros
267 3625 297 3677 ut
311 3625 423 3676 eentum
437 3634 519 3679 ores.

30 3799 46 3855 l
63 3801 154 3855 mdo
166 3799 238 3866 vulp.

400 4216 412 4248 Ι
