2574 5054
418 763 501 826 SAT.
517 765 565 838 lll,
580 770 622 829 24
638 797 677 810 —
695 769 746 829 28.
1054 753 1115 822 llll

93 935 163 1006 das,
172 930 380 1013 utapudPlaut.
396 933 492 995 Aulul.
508 935 542 1010 ll,
556 940 586 1010 3,
602 939 639 1000 3:
663 935 808 1010 „Vaccula
820 935 895 994 intus
907 953 978 1014 pure
992 952 1116 1014 propera

94 1031 181 1099 atque
197 1019 295 1078 elno.“
940 1049 943 1052 ⁴

180 1124 210 1163 v.
227 1108 364 1168 at-at.
388 1104 432 1166 llx
447 1117 541 1167 mente
556 1108 666 1166 iuvenis
676 1107 877 1167 excusationes
891 1105 975 1165 affert
988 1103 1115 1176 Persius,

94 1188 196 1270 quibus
211 1187 319 1249 desidia
333 1192 506 1270 potissimum
523 1192 663 1263 utebatur,
679 1203 710 1252 ut
722 1191 842 1252 studium
856 1203 886 1251 et
897 1192 1022 1252 laborem
1045 1211 1063 1249 a
1082 1209 1116 1250 se

94 1286 221 1335 arceret.
244 1273 307 1334 Duo
326 1286 419 1336 antem
441 1277 571 1356 exempla
591 1280 721 1357 proponit
735 1296 803 1356 prae
823 1278 929 1337 ceteris
944 1277 1116 1356 frequentin,

94 1361 213 1440 primum
227 1361 299 1433 eius,
315 1363 361 1441 qui
376 1363 562 1439 patrimonio,
577 1361 651 1442 quod
668 1381 683 1422 a
701 1362 852 1421 maioribus
868 1363 989 1439 accepit,
1006 1358 1115 1420 modico

95 1455 264 1516 contentus,
286 1465 349 1506 cum
367 1446 471 1505 habeat
488 1445 561 1507 unde
577 1449 671 1519 vivat,
692 1459 790 1506 cetera
811 1467 929 1507 securus
941 1446 1115 1526 tranquillam

95 1532 181 1590 vitam
205 1528 302 1609 degit,
324 1551 378 1592 nec
400 1531 548 1612 quidquam
571 1532 690 1592 ulterius
708 1534 833 1613 appetit,
849 1533 968 1592 alterum
982 1534 1054 1601 eius,
1070 1532 1117 1610 qui

94 1615 198 1675 nobilis
218 1618 370 1694 prosapiae
392 1618 468 1676 fastu
491 1617 583 1677 elatus
603 1637 639 1676 ac
659 1617 789 1687 tumidas,
806 1637 868 1676 cum
881 1619 973 1677 omnia
994 1636 1063 1696 prae
1083 1635 1117 1674 se

95 1710 261 1761 contemnat
282 1712 313 1761 et
327 1711 454 1780 spernat,
470 1722 552 1761 omne
576 1700 695 1761 studium
716 1703 814 1762 inutile
843 1702 932 1762 babet
953 1722 1006 1763 nec
1027 1699 1063 1760 ad
1084 1719 1116 1760 ae

96 1787 242 1865 pertinere
265 1797 354 1865 putat.
376 1788 473 1866 ltaque
499 1789 527 1845 in
552 1789 643 1865 primo
666 1788 715 1846 illo
737 1787 867 1866 exemplo
890 1789 984 1847 omnia
999 1807 1035 1847 eo
1050 1805 1117 1864 spc-

95 1881 184 1943 ctant,
206 1881 237 1930 ut
251 1872 392 1952 antiquam
414 1873 620 1950 simplicitatem
636 1882 721 1952 atquc
741 1870 907 1932 modestiam
922 1882 988 1933 aute
1018 1873 1117 1932 oculos

97 1965 212 2036 ponant.
242 1956 303 2016 Iduc
324 1956 505 2017 referendum
522 1978 574 2018 rua
586 1968 746 2036 paterarum
766 1957 835 2032 (luv.
851 1957 901 2029 Vl,
917 1963 969 2029 55)
985 1968 1015 2017 et
1028 1958 1117 2016 modi-

94 2039 246 2118 cumsur,
269 2062 324 2101 uec
349 2044 437 2101 minus
458 2044 583 2102 solinum
603 2054 633 2103 ct
644 2044 780 2121 patella,
804 2044 903 2123 quibus
923 2043 1118 2120 simplicissimi

98 2129 188 2185 uictus
203 2127 291 2204 signis
307 2128 382 2185 nulla
394 2125 492 2187 domus
515 2147 616 2188 carere
631 2127 733 2206 potuit,
748 2138 778 2186 ut
793 2147 865 2208 quae
881 2129 908 2186 iu
923 2130 1020 2208 quavis
1037 2128 1118 2185 lami·

98 2213 135 2270 lia
163 2212 276 2290 antiquo
308 2212 416 2272 bonore
438 2213 621 2285 fruebantur,
653 2234 680 2272 v.
710 2211 874 2291 diligentem
901 2211 1118 2291 disputationem

98 2295 234 2355 Klauseni
256 2294 341 2371 (Aen.
365 2297 390 2357 ll
404 2318 433 2376 p.
452 2301 511 2360 631
538 2302 624 2377 ,qq.).
669 2298 828 2357 Curabatur
847 2316 918 2376 ergo
940 2298 1065 2378 inprimis
1088 2307 1119 2354 ut

97 2382 244 2452 saltuum,
275 2380 350 2460 quod
362 2401 400 2441 ex
412 2393 531 2460 argento
546 2384 649 2441 lactum
671 2402 738 2443 esse
761 2383 873 2442 solebat
888 2383 966 2456 (Val.
979 2382 1055 2441 lllax.
1069 2381 1117 2451 lV,

98 2471 130 2538 l,
150 2469 180 2527 3.
200 2465 272 2526 Plio.
295 2466 329 2524 ll.
351 2467 390 2526 N.
415 2467 548 2539 XXXlll,
575 2469 892 2541 12‚5t),s1·netote,
916 2469 1066 2546 integrum,
1088 2477 1119 2525 ot

93 2570 203 2629 purum
220 2550 334 2622 (Catull.
348 2551 452 2623 XXlll,
472 2557 520 2624 19)
539 2564 783 2624 servaretur,cum
796 2553 925 2632 patella,
942 2554 971 2612 in
987 2571 1040 2630 qua
1056 2551 1117 2609 olus

98 2646 129 2696 et
142 2637 237 2714 pisces
267 2634 498 2716 decoquebantur
517 2636 636 2716 ideoque
659 2636 747 2716 dapes
769 2637 910 2697 delibatae
929 2637 984 2696 diis
1000 2640 1027 2694 iu
1053 2636 1118 2694 loco

98 2720 285 2800 ponebantur,
299 2721 373 2781 uude
391 2722 582 2801 cultrt'asocs'
597 2734 723 2792 vocatur,
743 2734 774 2784 et
786 2741 905 2793 securo,
929 2732 960 2781 ut
974 2720 1046 2800 apud
1062 2721 1118 2779 llo·

98 2807 199 2865 ratium
210 2812 277 2879 (sat.
293 2807 326 2877 ll,
342 2813 371 2877 7,
390 2811 430 2869 29
440 2813 499 2886 sq.)
516 2809 651 2885 legimus:
675 2808 727 2878 „Si
743 2828 877 2887 nusquam
894 2827 927 2866 es
943 2808 1018 2865 forte
1032 2825 1118 2865 uoca-

98 2903 145 2950 tus
158 2888 205 2950 Ad
218 2911 346 2962 coenam,
355 2889 453 2950 laudas
460 2911 595 2951 securum
605 2894 668 2951 olus
676 2901 712 2966 ,·“
728 2913 783 2971 quo
798 2893 962 2972 tranquillus
971 2889 1118 2950 etmodieo

98 2986 248 3035 contentus
258 2979 364 3035 animus
380 2978 498 3055 egregie
514 2978 690 3055 exprimitur.
715 2978 769 3049 Qut
785 2980 823 3036 ita
840 2988 963 3036 moratus
979 2987 1034 3048 est,
1049 2978 1121 3054 quid

98 3072 221 3133 metuat,
238 3082 289 3120 cur
303 3065 379 3122 vires
395 3061 532 3131 intendat,
548 3063 648 3120 altiora
664 3067 799 3141 appetatl
829 3062 880 3121 Cui
895 3058 1118 3139 indignabundus

99 3158 200 3225 poeta:
228 3149 291 3206 lloc
307 3151 382 3206 sutis
404 3153 473 3206 est?
501 3147 613 3218 obiicit,
636 3148 702 3205 nibil
720 3148 839 3206 ulterius
854 3158 917 3218 cst,
940 3144 1119 3226 quotendas,

100 3243 216 3310 praeter
236 3232 307 3291 banc
330 3233 506 3312 tranquillam
528 3233 631 3303 vitam,
652 3233 720 3290 nibil
736 3234 824 3291 maius
845 3244 890 3292 est
912 3231 985 3311 qnod
1000 3233 1118 3290 animum

99 3321 294 3376 commoveat?
316 3318 345 3376 ln
361 3319 452 3377 altero
468 3318 598 3395 exemplo
612 3320 706 3395 inepta
730 3319 864 3376 iactantia
887 3328 1013 3390 notatur,
1036 3337 1117 3395 quam

99 3403 214 3461 fortiter
233 3404 365 3480 exprimit
384 3424 429 3462 vv.
450 3406 612 3480 pulmonem
634 3423 770 3480 rumpere
796 3406 906 3474 uenus,
928 3421 980 3481 pro
993 3423 1029 3462 eo
1045 3402 1119 3481 quod

100 3488 185 3564 vulgo
201 3486 302 3546 dicitur
316 3489 430 3568 castori,
446 3489 557 3546 Graece
574 3489 677 3565 φυσᾷν
691 3484 798 3548 ἑαυτόν
812 3489 919 3566 (Bergl.
941 3486 975 3547 ad
990 3487 1117 3566 Alcipbr.

98 3574 120 3643 l,
130 3577 181 3635 37.
204 3571 331 3650 Lenaep.
343 3572 501 3632 adealar.
513 3576 634 3651 pauc).
650 3575 821 3646 Stemmata,
840 3584 985 3653 quaepost
1002 3574 1117 3652 Cicero·

100 3659 143 3716 nis
152 3657 395 3735 temporademum
410 3660 437 3717 iu
450 3679 529 3718 usum
537 3660 651 3717 venisse
661 3659 845 3736 probabiliter
857 3672 957 3718 censet
970 3658 1119 3717 Ernestius

101 3740 149 3812 (ad
164 3740 245 3803 Suet.
261 3743 331 3802 Ner.
348 3747 412 3813 37),
427 3763 590 3823 quamquam
598 3743 795 3803 contradicere
811 3743 899 3803 videri
908 3745 998 3822 possit
1013 3742 1119 3801 Plinius

100 3827 233 3900 (XXXV,
257 3833 288 3898 2,
309 3833 358 3899 2),
382 3826 570 3888 discernenda
593 3841 657 3887 suut
677 3829 712 3887 ab
738 3830 905 3906 imaginibus
928 3830 1062 3887 maiorum
1089 3839 1120 3886 et

101 3914 202 3971 similia
223 3915 327 3972 nostris
350 3913 543 3972 stemmatibus
568 3926 667 3983 eraut,
707 3916 833 3993 quamvis
866 3913 950 3972 aliter
976 3915 1120 3973 existimet

100 3996 280 4057 llicbstadius
304 3996 351 4071 (de
373 4001 485 4076 imagin.
511 3997 591 4056 Rom.
611 4020 639 4077 p.
666 4003 751 4069 ill).
797 3999 827 4058 lu
847 3998 940 4057 tabula
955 4001 1028 4057 enim
1045 4000 1116 4071 (luv.

101 4082 163 4154 Vll,
179 4087 209 4155 6)
224 4103 340 4143 avorum
357 4087 467 4142 nomina
482 4083 600 4157 (Seuec.
618 4082 652 4142 dc
669 4084 788 4142 benefic.
812 4083 859 4153 lll,
874 4088 927 4155 28)
950 4094 997 4142 ant
1020 4085 1118 4161 irnagi-

101 4187 152 4229 nes
167 4170 261 4247 pictae
275 4168 360 4242 (Plia.
378 4169 499 4239 XXXV,
516 4174 546 4239 2,
564 4174 594 4231 2.
617 4168 697 4228 Suet.
714 4168 785 4228 Ner.
800 4174 856 4248 37)
877 4170 914 4226 ita
931 4167 1118 4248 disponeban-

101 4265 165 4323 tur,
182 4264 213 4312 ut
237 4255 329 4313 lineae
357 4255 450 4312 multis
477 4256 593 4313 tlcxuris
617 4253 810 4313 discurrentes
839 4253 965 4314 ordinem
997 4256 1118 4314 familiae

101 4337 297 4409 ostenderent,
311 4340 438 4419 talesque
454 4339 567 4398 tabulae
580 4342 607 4398 iu
622 4341 695 4398 atrio
712 4360 765 4397 non
782 4342 870 4399 miuus
886 4361 967 4420 quam
985 4343 1118 4398 maiorum

100 4426 237 4502 imagines
252 4426 482 4505 proponebantur
498 4424 579 4498 (Seu.
589 4426 608 4485 l.
618 4427 635 4485 l.
644 4425 727 4487 Suet.
738 4426 858 4490 Gutta.
870 4426 952 4486 Mart.
962 4426 1068 4497 lV,1l⁰,
1078 4432 1118 4498 l).

167 4594 526 4760 Ν
