2574 5054
496 780 581 844 SA'l.
596 781 646 856 vt,
662 786 700 848 61
712 815 752 831 -
763 785 815 847 08.
1092 777 1157 847 227

132 950 236 1014 dentes
258 954 379 1033 accipit,
402 954 527 1017 celerior
548 965 595 1015 est
608 957 637 1015 in
652 973 737 1016 cursu
752 954 901 1025 condano,
922 972 1005 1034 quam
1020 951 1087 1027 ille,
1110 956 1156 1034 qni

132 1037 237 1111 tradit,
251 1040 291 1098 ita
306 1040 407 1101 melior
420 1042 576 1121 imperator
589 1060 696 1112 novus,
712 1041 759 1120 qui
774 1041 878 1118 accipit
892 1039 1053 1110 exercitus,
1073 1059 1155 1119 quam

131 1123 199 1196 ille,
224 1125 270 1205 qni
290 1122 422 1186 decedite
450 1136 604 1207 propterea
626 1123 701 1206 quod
727 1123 899 1204 defatigatus
920 1142 1021 1186 cursor
1042 1126 1156 1203 integro

133 1211 245 1281 lacem,
268 1209 313 1271 hie
328 1212 437 1289 peritus
452 1214 607 1292 imperator
619 1212 750 1290 imperito
765 1212 922 1271 exercitum
937 1207 1054 1269 tradit.“
1086 1208 1155 1271 lude

132 1295 210 1357 enim
225 1295 354 1356 concludi
369 1307 482 1377 potest,
504 1296 599 1368 illum,
618 1298 666 1358 oui
687 1297 736 1355 l'ax
750 1294 932 1367 tradebatur,
955 1295 1019 1354 loco
1033 1296 1155 1374 positum

131 1382 236 1452 luisse,
250 1400 305 1460 quo
320 1383 404 1442 alteri
419 1380 560 1442 currendo
574 1379 795 1462 perveniendum
810 1391 874 1442 erat
886 1386 1063 1461 (quamquam
1079 1378 1155 1441 aliud

133 1462 264 1547 quiddam
271 1467 542 1546 respexit'llsemist.
557 1467 576 1527 l.
590 1468 644 1540 l.),.
653 1466 728 1527 unde
739 1470 830 1546 prr'or
843 1464 898 1526 dici
906 1476 1030 1547 poterat.
1046 1465 1154 1539 Quodsi

131 1570 239 1612 summa
255 1553 417 1613 certaminis
432 1554 460 1613 ia
476 1572 511 1613 eo
526 1551 705 1632 ponebatur,
721 1563 752 1611 ut
767 1553 858 1613 facem
873 1549 1019 1613 ardentem
1035 1554 1154 1632 quisque

131 1648 266 1698 servaret
279 1637 419 1718 alterique
434 1635 572 1711 traderet,
587 1638 672 1698 facile
687 1638 750 1697 fieri
765 1638 872 1717 potuit,
887 1648 919 1696 ut
932 1638 994 1718 quis
1009 1657 1073 1697 eam
1087 1647 1154 1700 ants

132 1733 243 1801 tempus
257 1724 312 1782 iarn
328 1725 457 1803 arripere
472 1733 608 1805 cuperet,
631 1725 798 1803 praesertim
820 1724 845 1783 si
861 1724 1043 1783 exstinctioni
1058 1724 1156 1804 proxi·

130 1827 205 1869 mam
219 1805 342 1869 rideret.
365 1810 437 1869 Sum
452 1810 509 1869 etti
520 1810 710 1881 Mercurius,
732 1807 803 1868 lucri
818 1805 889 1868 deus
913 1807 959 1883 (ll,
974 1811 1048 1882 44),
1070 1810 1154 1868 uenio

132 1895 207 1954 deus
220 1893 279 1953 duc
292 1914 348 1972 ego
363 1904 399 1953 ut
416 1895 472 1977 ille
482 1896 621 1974 pairgitur
643 1895 696 1970 (cl.
713 1892 857 1972 Telephon
872 1914 900 1953 ιι.
915 1893 1029 1954 Troilon
1044 1913 1072 1972 p.
1090 1897 1154 1966 10),

132 1998 175 2041 se.
198 1998 261 2041 eum
284 1979 410 2039 saccello
431 1999 455 2039 s.
477 1981 639 2060 marsupio,
660 1979 731 2039 lucri
751 1979 897 2058 symbolo,
920 1989 951 2040 nt
964 1980 992 2038 in
1007 1979 1153 2059 permultis

131 2064 233 2144 sigillis
248 2074 483 2144 repraesentatur·
497 2075 528 2126 et
540 2066 676 2144 picturis,
691 2066 732 2125 cl.
748 2065 822 2125 llius.
839 2064 923 2124 Borlr.
936 2062 1025 2136 vtt.
1041 2063 1152 2136 lX,38.

132 2148 252 2222 dldllcr,
267 2170 342 2210 mon.
358 2160 411 2210 art
428 2161 488 2212 ant.
505 2151 675 2230 utusaq.
707 2147 845 2232 Quicquid
861 2150 910 2209 tibi
925 2150 1098 2230 relinquam,
1125 2146 1155 2209 id

131 2245 264 2316 tauquam
285 2254 303 2295 a
324 2233 379 2295 deo
402 2234 496 2295 datum
517 2247 548 2297 et
567 2237 739 2316 insperatum
761 2237 867 2297 lucrum
890 2246 1025 2314 reputare
1040 2233 1151 2308 debcs3

132 2340 173 2381 cu
195 2323 314 2392 renuis,
338 2321 391 2381 ltac
413 2320 574 2381 conditione
593 2323 634 2381 uti
656 2342 712 2381 non
735 2324 799 2381 visi
828 2321 894 2380 Vr'n'
910 2331 942 2379 tu
954 2322 1090 2399 gaudere
1104 2340 1153 2380 re·

132 2407 238 2466 licus?
259 2407 419 2485 Exspectes
435 2408 479 2466 uis
488 2451 499 2479 ‚
521 2427 583 2467 curu
599 2403 659 2466 uin'
673 2408 701 2466 in
716 2408 834 2486 simplici
849 2407 1071 2485 interrogatione
1086 2407 1154 2485 poni

132 2492 244 2563 soleat,
267 2495 311 2551 ut's
333 2493 380 2551 ubi
396 2513 458 2551 curu
481 2492 584 2552 nll'ectu
608 2493 670 2572 quis
692 2492 837 2563 hortatur,
868 2493 906 2551 cl.
923 2492 1015 2551 Bentl.
1031 2490 1067 2550 ad
1083 2491 1152 2552 llor.

132 2586 188 2636 sat.
202 2575 237 2649 ll,
253 2580 283 2649 6,
299 2581 350 2639 92.
367 2577 464 2637 lleiar.
478 2577 514 2636 ad
527 2576 586 2636 lor.
599 2577 649 2647 IV,
661 2582 712 2639 74.
749 2579 855 2639 Verum
878 2576 1018 2658 Sulpicius
1041 2596 1153 2657 quoque

132 2660 205 2736 (Cic.
221 2680 286 2742 epp.
305 2660 340 2721 ad
355 2661 428 2722 divv.
445 2663 494 2734 tv,
510 2669 541 2735 5,
556 2669 606 2736 dle
622 2662 730 2735 „Visne
747 2675 776 2722 tu
792 2673 836 2735 te,
854 2660 955 2735 Servi,
971 2673 1000 2722 te
1015 2662 1152 2724 cohihere

132 2758 164 2808 et
184 2749 346 2807 meminisse
368 2748 507 2807 hominem
528 2759 557 2808 te
579 2760 673 2808 natum
695 2752 804 2808 essei“
832 2748 900 2808 Cum
916 2748 1002 2808 heres
1018 2748 1152 2807 obiiciat:

132 2834 226 2892 Deest
238 2834 355 2912 aliquid
366 2852 511 2906 summae,
529 2854 610 2913 quam
625 2844 655 2894 tu
668 2833 847 2912 possidebas,
863 2845 893 2893 et
908 2835 973 2893 miti
989 2834 1151 2912 relinquere

133 2915 259 2978 debebas
282 2921 430 2990 intactam,
453 2917 607 2998 respondet
626 2931 729 2999 poeta:
752 2921 854 2979 Minui
871 2921 959 2992 mr‘di,
980 2939 1072 2978 meum
1087 2919 1151 2990 luit,

131 3001 169 3063 tle
192 3023 246 3083 quo
268 3002 373 3083 aliquid
395 3003 522 3075 detraxi,
545 3005 729 3076 sitientem,
754 3006 892 3082 quicquid
913 3006 988 3074 erit,
1013 3002 1086 3083 qood
1101 3004 1152 3062 siti

131 3089 305 3169 relinquam,
323 3100 414 3149 totum
428 3092 497 3150 erit.
520 3091 603 3168 Fuge
617 3109 761 3167 quaerere
777 3097 819 3162 (ut
834 3089 902 3147 llor.
918 3108 1005 3148 carru.
1021 3089 1084 3163 1,9,
1095 3092 1150 3151 132

133 3173 206 3247 Quid
221 3176 258 3232 sit
273 3194 357 3245 cras,
380 3176 448 3252 iuge
470 3195 629 3255 quaerere3
655 3176 693 3234 cl.
715 3175 749 3246 ss,
763 3180 794 3244 4,
809 3179 861 3236 22.
884 3174 1000 3233 Lucret.
1017 3172 1039 3244 l,
1058 3178 1150 3236 1040.

131 3259 235 3319 Tituli.
250 3257 273 3331 l,
289 3265 318 3330 4,
335 3263 386 3331 9),
403 3261 456 3319 udi
466 3262 523 3332 ait,
541 3262 620 3337 quod
632 3261 707 3318 mr'lri
719 3261 862 3337 quondum
879 3260 1000 3337 legarat
1012 3261 1149 3331 Studiose,

132 3343 207 3425 quod
229 3365 330 3404 nomen
353 3345 418 3403 alibi
434 3366 488 3404 non
504 3347 615 3417 inveni,
641 3365 704 3403 narn
721 3344 793 3425 quod
808 3346 919 3404 unicum
936 3345 1093 3424 exemplum
1109 3345 1151 3404 le·

129 3432 208 3508 gitur
222 3429 295 3508 apud
310 3430 412 3489 illucet.
431 3435 589 3502 1411,17ι
614 3428 762 3489 Stante.
778 3429 890 3501 vilse,
906 3432 968 3489 eius
984 3430 1046 3490 loco
1062 3427 1152 3490 edidit

130 3514 168 3574 de
189 3516 256 3574 Vita
286 3516 376 3586 (Antt.
399 3515 508 3575 Beuev.
533 3516 590 3595 lp.
607 3514 682 3582 ΧΗ.
701 3521 750 3588 10)
774 3515 903 3575 ΤΑὓΙΑ.
920 3514 1038 3585 VllSA,
1061 3534 1150 3595 quare

131 3597 298 3670 videndum,
321 3622 356 3660 an
378 3600 424 3659 hic
445 3620 556 3681 quoque
579 3600 771 3680 reponendum
796 3599 834 3661 sit
859 3603 968 3660 Tadius
984 3612 1032 3660 aut
1046 3602 1150 3660 Staius

132 3684 182 3760 (ll,
199 3690 260 3758 10).
281 3687 348 3744 Neu
366 3688 447 3744 dieto
465 3696 614 3764 paterna,
631 3686 738 3764 rigida,
754 3706 873 3757 severo,
889 3706 997 3764 repone
1004 3731 1016 3758 ,
1033 3685 1107 3766 quod
1121 3707 1149 3745 v.

129 3773 246 3850 proprio
269 3769 428 3849 rependere
451 3773 607 3849 siguificat,
634 3773 787 3832 restituere
810 3792 906 3841 suum,
929 3781 959 3830 et
980 3769 1014 3830 de
1029 3769 1150 3849 ingratis

129 3853 217 3916 rebus
233 3858 352 3915 maxime
368 3868 536 3935 usurpatur,
564 3857 603 3915 ci.
623 3855 690 3916 Seu.
707 3876 772 3936 epp.
790 3856 922 3926 LXXXI,
938 3861 1032 3937 8sqq.
1056 3856 1092 3916 de
1107 3857 1150 3915 ira

128 3940 315 4013 1,3.11‚28.
340 3940 398 4000 Cic.
423 3961 487 4020 epp.
510 3940 545 4000 ad
568 3940 623 4001 div.
644 3941 666 4013 l,
689 3945 719 4013 9,
737 3948 786 4005 10.
811 3942 906 4001 luveu.
922 3939 945 4012 l,
962 3948 976 4004 1
994 3943 1032 4001 ilt.
1049 3941 1148 4002 lleiar.

129 4023 408 4103 Accedutsoeuoris
423 4046 534 4086 merces
542 4071 554 4098 ,
569 4046 691 4098 usurae,
707 4039 737 4085 ut
753 4025 826 4106 apud
841 4027 940 4084 Horat.
955 4027 1082 4099 sat.l,2,
1093 4032 1149 4099 1⁴3

130 4115 161 4182 3,
178 4116 228 4172 88.
259 4115 335 4171 Heirc
347 4113 441 4169 eximo
456 4123 585 4183 sumtus,
609 4132 679 4190 quos
694 4131 748 4170 non
765 4114 925 4171 accuratius
939 4111 1062 4183 indicat,
1086 4133 1149 4171 nant

130 4196 235 4268 heres,
257 4216 319 4256 cum
341 4198 431 4274 magis
447 4199 592 4277 magisque
607 4199 729 4256 imminui
743 4196 840 4257 videet
854 4195 1058 4269 hereditatem,
1084 4218 1150 4257 ora·
1175 4250 1178 4254 .

129 4283 237 4341 tionem
261 4283 454 4360 interrumpit:
490 4283 568 4357 Quid
594 4284 739 4360 reliquum
762 4287 830 4341 eat?
851 4283 1022 4361 Reliquum,
1045 4285 1150 4362 repetit

129 4378 215 4445 poeta
237 4368 343 4438 iratus,
365 4366 452 4446 quidi
475 4369 525 4426 tibi
549 4389 603 4426 non
626 4368 765 4441 sufficiat,
796 4364 869 4447 quod
896 4369 1072 4449 relinquam?
1094 4369 1150 4429 lant

130 4452 232 4511 lautius
254 4454 339 4512 etiam
360 4454 452 4512 rivam
474 4472 528 4513 nec
543 4452 703 4514 'hereditati
725 4474 848 4534 parcam.
879 4455 985 4527 Nunc,
1007 4474 1085 4513 nunc
1098 4455 1150 4512 siu·

881 4538 942 4601 15*
