2574 5054
201 718 265 785 178
551 719 636 785 snt.
654 720 704 796 tv,
719 724 857 786 tt-ltt.

199 889 326 954 mitre
349 892 395 954 ct.
411 911 476 973 epp.
490 890 634 965 le,llr
655 893 805 972 „Optimos
820 911 872 952 nos
887 909 972 963 esse,
987 888 1224 971 sapientissimos,

197 978 401 1039 affirmantibus
409 982 590 1052 assentimur,
605 1000 668 1039 cunr
677 985 799 1039 sciamus
807 980 871 1037 illos
879 977 1023 1037 mentiri.“
1037 977 1079 1037 lta
1092 976 1224 1049 Persius,

198 1064 225 1123 ri
241 1074 270 1124 te
285 1065 382 1142 pratis
396 1063 595 1142 cupiditatibus
611 1066 686 1124 albei
702 1064 752 1124 tibi
767 1065 899 1124 nourrius
911 1081 962 1134 es,
976 1081 1013 1122 ue
1028 1061 1133 1122 eredas
1148 1061 1223 1122 ulio·

197 1168 258 1209 rum
273 1150 524 1209 assentationibus.
546 1151 585 1208 Sr'
596 1151 655 1209 or'ro
668 1169 782 1209 nummo
794 1149 900 1227 palles,
917 1145 1070 1225 eupiditate
1085 1148 1221 1217 moveris,

198 1234 514 1306 r.llor.sut.ll,3,78:
537 1233 719 1306 „Ambitione
734 1234 1221 1312 malaautargeotipalletsnrore.“

196 1318 342 1398 Sisrer‘r,
361 1318 434 1399 quod
450 1331 496 1381 est
509 1321 627 1379 verbum
642 1339 796 1380 venereum
813 1320 863 1393 (ef.
879 1321 967 1398 intpp.
983 1317 1099 1378 Petron.
1119 1322 1150 1381 9.
1165 1321 1219 1380 87.

197 1405 259 1466 luv.
275 1405 338 1477 Vll,
353 1408 448 1479 240),
471 1406 610 1485 quicquid
630 1424 761 1465 amorum
769 1449 781 1477 ,
803 1403 877 1484 quod
891 1425 919 1464 v.
935 1403 971 1465 de
985 1422 1108 1483 persons
1123 1413 1220 1462 ansata

196 1501 364 1570 usurpetur,
386 1491 513 1571 inprimis
535 1489 573 1550 de
595 1492 699 1551 seortis
722 1500 761 1564 (r.
784 1488 875 1549 Pisut.
899 1487 987 1549 Poen.
1007 1488 1030 1560 l,
1052 1494 1082 1559 1,
1104 1491 1219 1569 walp:

198 1575 266 1636 ltenr
289 1594 403 1636 amores
425 1585 490 1635 tuos
510 1577 535 1636 si
558 1577 601 1635 vis
623 1587 772 1654 opertam
794 1576 833 1636 el.
857 1574 1015 1645 cinitx,
1036 1573 1220 1645 tibuunt,

198 1662 345 1739 inpetrem
359 1663 457 1733 verrit,
481 1659 555 1740 qood
577 1659 764 1721 suduoissime
781 1660 883 1720 dietum
899 1670 944 1719 est
958 1657 993 1717 sd
1009 1657 1219 1719 similitudine·

197 1747 311 1818 talium,
334 1746 473 1825 qur'eqeid
490 1748 520 1806 ris
541 1756 663 1806 mentem
677 1746 759 1806 ornt‘t
768 1788 778 1817 ,
805 1745 945 1826 qor'cqur'd
958 1746 988 1804 rit
1003 1745 1122 1804 tunnam
1137 1743 1221 1805 venti

198 1830 272 1904 (Cir.
287 1829 323 1891 sd
338 1830 400 1890 Att.
418 1831 440 1903 l,
459 1836 507 1903 12,
523 1836 553 1893 1.
575 1832 638 1903 Χ11,
656 1835 730 1904 1,·2.
757 1830 862 1892 Seneo.
878 1830 990 1908 sporol.
1006 1851 1034 1908 p.
1049 1833 1113 1893 243
1128 1829 1217 1909 ltin).

197 1915 331 1976 Ceterum
352 1938 409 1975 non
429 1936 559 1996 possum,
581 1919 646 1996 quio
669 1918 839 1977 mentionem
861 1917 985 1976 iniieiam
1001 1915 1151 1974 locutionis
1157 1912 1220 1992 sor

194 2000 335 2073 l'omorr,
351 2001 439 2081 faire
461 2002 586 2061 l’omour
610 2000 683 2081 apud
705 2002 801 2062 Gallos
825 2012 855 2062 et
875 2001 962 2060 ltalos
984 2000 1068 2060 bodie
1083 2002 1219 2071 udtstae,

195 2085 270 2146 uude
286 2089 348 2166 quis
364 2086 439 2147 baud
453 2087 675 2166 improbabiliter
689 2088 823 2166 colligat,
843 2088 928 2147 etiam
943 2089 1072 2166 antiquos
1087 2085 1218 2164 populari

195 2181 276 2232 nerto
299 2191 431 2233 sermone
453 2171 561 2233 dixisse
576 2170 686 2251 serere
706 2191 853 2244 amorem,
877 2169 952 2252 quod
968 2183 1061 2231 tamon
1077 2171 1218 2249 exemplis

194 2276 250 2316 non
273 2277 388 2335 possum
410 2258 548 2337 probarer
571 2257 645 2338 qnod
669 2259 693 2317 si
715 2258 778 2317 lieri
797 2269 915 2337 posset,
936 2257 1064 2334 legerem
1077 2274 1217 2315 amorem.

194 2345 340 2402 Amorum
357 2363 462 2422 petrem
484 2346 574 2423 intpp.
598 2345 638 2403 its
660 2343 854 2422 explicarunt,
877 2353 908 2403 ut
930 2362 1044 2402 sensum
1066 2342 1220 2402 efficerent

194 2438 297 2506 poetae
313 2431 400 2489 tuenti
414 2432 584 2489 contrarium
599 2429 645 2489 vel
661 2432 800 2509 ineptum,
822 2448 877 2489 nee
897 2427 1036 2507 quomodo
1050 2438 1117 2505 epte
1131 2427 1218 2486 intel·

196 2514 245 2591 ligi
267 2514 373 2593 possit,
395 2512 525 2594 equidem
547 2514 684 2592 intelligo.
717 2515 756 2574 Si
771 2514 880 2592 puteal
897 2514 989 2572 multo
1004 2523 1109 2572 monn
1123 2512 1218 2572 nr'br'rr

59 2589 65 2602 '
188 2600 348 2680 flagellor,
364 2597 401 2658 de
417 2599 472 2658 boe
485 2618 530 2660 vs.
546 2600 722 2660 conclamato
737 2599 770 2659 C.
786 2599 821 2659 F.
838 2599 1013 2659 llermauous
1027 2597 1141 2657 doctam
1156 2596 1217 2657 dis-

194 2687 379 2744 sertationem
394 2685 511 2764 scripsit
525 2687 552 2745 in
568 2683 626 2745 ind.
642 2686 721 2746 lertt.
736 2684 828 2745 liarb.
843 2687 1020 2753 teet-to,
1035 2685 1063 2741 in
1079 2703 1135 2764 qus
1149 2682 1215 2743 VV.

194 2767 256 2828 ltt).
282 2771 437 2830 sententiat
460 2773 627 2850 composuit.
656 2771 803 2830 Puteola
824 2766 973 2830 Scribonio
995 2768 1105 2828 Libone
1122 2767 1215 2842 (Fert.

194 2857 423 2915 s.v.rreleratus
436 2862 566 2934 campus)
581 2857 686 2914 iactum
699 2866 747 2916 est
760 2857 788 2914 in
805 2856 918 2914 romilio
933 2855 961 2912 io
977 2856 1087 2932 portion
1101 2850 1216 2913 lulinad

193 2959 289 2999 areum
305 2939 458 3000 Fabianum
475 2950 513 3016 (v.
530 2941 652 3014 schol),
672 2941 721 3000 ubi
735 2940 858 3000 tribunal
872 2941 1014 3019 praetoris
1029 2940 1083 2999 luit
1097 2938 1216 3017 (Por-pb.

194 3022 232 3086 sd
245 3024 313 3084 Hor.
330 3037 384 3085 sat
399 3025 434 3098 11,
450 3030 480 3098 6,
496 3026 561 3106 35),
576 3027 616 3086 ei.
629 3025 759 3098 Crellius,
775 3025 874 3086 Puteal
889 3024 1006 3085 Libonis
1021 3043 1059 3083 ex
1074 3035 1132 3082 aot.
1147 3043 1217 3084 eru·

192 3120 263 3172 tum.
297 3109 365 3171 lnde
382 3112 517 3191 frequens
532 3114 594 3172 eius
610 3112 714 3172 mentio
730 3121 792 3183 est,
814 3121 845 3170 ut
860 3110 1035 3189 significetur
1048 3110 1145 3181 lorus,
1166 3109 1216 3169 ubi

193 3216 316 3257 raussse
331 3196 506 3275 agebantur,
527 3197 565 3256 ei.
581 3197 649 3255 Hor.
665 3207 720 3256 sat.
737 3196 771 3268 ll,
785 3200 816 3269 6,
829 3200 871 3259 30
887 3215 947 3275 sip:
968 3195 1045 3255 Ante
1060 3192 1216 3255 secundam

194 3280 314 3342 Roscius
330 3282 431 3342 orabat
446 3282 499 3341 sibi
513 3280 631 3343 adesses
646 3279 682 3342 ad
698 3283 794 3362 puteal
806 3301 881 3341 eras.
906 3281 980 3359 Epp.
997 3280 1019 3351 l,
1035 3284 1084 3351 ta,
1096 3284 1134 3342 8:
1156 3279 1216 3341 lto·

192 3387 254 3427 rutu
276 3367 427 3447 puteulque
449 3367 567 3426 Libonis
588 3365 729 3426 blandnbo
749 3367 843 3426 sisois.
875 3366 955 3426 0vid.
974 3385 1045 3425 rem.
1061 3384 1116 3424 am.
1132 3368 1214 3428 otta

193 3452 247 3525 Qui
262 3453 356 3532 puteal
371 3452 521 3531 lanumque
534 3454 623 3512 timet.
656 3452 716 3512 Cio.
731 3472 759 3531 p.
775 3449 853 3512 Sest.
868 3455 898 3521 8,
914 3455 970 3514 18:
987 3450 1147 3524 (Gabinius)
1162 3470 1216 3529 pu·

193 3537 261 3598 tesli
274 3549 305 3597 ot
316 3539 452 3616 gregibus
463 3539 656 3597 feneratorum
674 3538 794 3596 inbutus.
824 3535 965 3596 Videntur
980 3538 1053 3596 enim
1067 3537 1215 3596 fenerato-

192 3641 242 3683 res
255 3624 428 3701 potissimum
443 3623 481 3681 ibi
496 3623 587 3682 locum
600 3622 746 3695 babuisse,
762 3624 863 3701 quippe
873 3623 973 3701 quibos
987 3640 1076 3702 saepe
1091 3620 1215 3682 tribunal

193 3706 350 3768 adeundum
374 3708 436 3767 init.
464 3709 571 3767 Puteal
578 3709 746 3788 flagellare
763 3708 921 3768 insolenter
933 3706 1036 3766 dietum
1051 3716 1098 3767 est
1111 3705 1215 3768 eadem

193 3794 405 3863 serenatione,
428 3812 481 3872 qua
508 3793 613 3853 Plinius
631 3791 776 3866 (xxxin,
798 3796 847 3862 13,
863 3798 915 3865 5⁷)
937 3810 1083 3852 annonam
1097 3792 1216 3872 stegel-

193 3879 259 3939 ton
274 3876 310 3939 de
325 3880 360 3938 iis
375 3877 455 3951 dicit,
469 3880 517 3959 qui
528 3880 628 3959 quovis
643 3877 726 3936 modo
740 3898 777 3941 ex
793 3878 958 3936 ealruotum
974 3875 1214 3956 eaperestudent,

196 3965 322 4044 quirum·
335 3961 552 4042 comparandum
574 3962 648 4043 quod
674 3962 816 4023 Martialis
838 3961 892 4035 (ll,
913 3966 965 4032 30,
985 3967 1016 4023 4.
1045 3962 1083 4032 V,
1106 3965 1156 4033 13,
1179 3966 1213 4034 b)

194 4068 296 4110 orooro
318 4069 387 4127 opes
395 4050 562 4130 flagellare
584 4046 665 4108 dicit.
697 4048 740 4107 ltu
765 4047 860 4125 puteal
884 4046 1048 4125 flagellare,
1071 4060 1101 4108 et
1120 4048 1214 4107 multe

194 4133 305 4216 quidem
321 4136 432 4207 ot'br're,
456 4155 511 4215 quo
526 4144 647 4213 augetur
667 4135 709 4193 vis
733 4135 891 4205 sermonis,
913 4133 1016 4192 dicitur
1030 4135 1077 4213 qui
1097 4151 1215 4211 semper

192 4238 312 4281 causans
327 4222 388 4298 ogit
401 4231 431 4279 et
442 4239 608 4299 quoeunque
627 4217 710 4278 modo
722 4219 751 4278 in
766 4216 876 4278 iudiciis
891 4219 1007 4278 sineere
1022 4216 1133 4289 studet,
1155 4238 1214 4298 quo

192 4306 274 4365 simul
296 4303 436 4364 indicatur
455 4325 518 4364 ourn
541 4322 594 4365 nee
615 4305 726 4364 iniustis
748 4323 879 4383 parcere.
923 4306 1037 4364 Cautus
1057 4302 1143 4382 longo
1159 4323 1212 4363 usn

193 4391 312 4452 ferend.
343 4391 542 4469 Nequioqrrom
557 4390 668 4469 popolo
684 4388 838 4450 blandienti
852 4389 1008 4450 douoorrr'r
1021 4405 1113 4449 oteres
1129 4388 1213 4449 bibu-
