<?xml version="1.0" encoding="UTF-8"?>
<!DOCTYPE html PUBLIC "-//W3C//DTD XHTML 1.0 Transitional//EN"
    "http://www.w3.org/TR/xhtml1/DTD/xhtml1-transitional.dtd">
<html xmlns="http://www.w3.org/1999/xhtml" xml:lang="en" lang="en">
 <head>
  <title>
</title>
<meta http-equiv="Content-Type" content="text/html;charset=utf-8" />
  <meta name='ocr-system' content='tesseract 3.04.00' />
  <meta name='ocr-capabilities' content='ocr_page ocr_carea ocr_par ocr_line ocrx_word'/>
</head>
<body>
  <div class='ocr_page' id='page_1' title='image "./satirarumliberc00jahngoog_0376.png"; bbox 0 0 2574 5054; ppageno 0'>
   <div class='ocr_carea' id='block_1_1' title="bbox 426 681 1215 831">
    <p class='ocr_par' dir='ltr' id='par_1_1' title="bbox 426 681 1215 831">
     <span class='ocr_line' id='line_1_1' title="bbox 426 681 1215 831; baseline 0.005 -29"><span class='ocrx_word' id='word_1_1' title='bbox 426 739 511 804; x_wconf 76' lang='lat' dir='ltr'>sar.</span> <span class='ocrx_word' id='word_1_2' title='bbox 527 728 581 831; x_wconf 75' lang='lat'>111,</span> <span class='ocrx_word' id='word_1_3' title='bbox 603 739 882 806; x_wconf 73' lang='lat' dir='ltr'>anemurum</span> <span class='ocrx_word' id='word_1_4' title='bbox 1091 738 1155 806; x_wconf 81' lang='lat' dir='ltr'>soa</span> <span class='ocrx_word' id='word_1_5' title='bbox 1198 681 1215 704; x_wconf 53' lang='grc'>’</span> 
     </span>
    </p>
   </div>
   <div class='ocr_carea' id='block_1_2' title="bbox 76 908 1153 4240">
    <p class='ocr_par' dir='ltr' id='par_1_2' title="bbox 76 908 1153 3638">
     <span class='ocr_line' id='line_1_2' title="bbox 132 908 1153 996; baseline 0.004 -25"><span class='ocrx_word' id='word_1_6' title='bbox 132 908 207 992; x_wconf 88' lang='lat' dir='ltr'>quod</span> <span class='ocrx_word' id='word_1_7' title='bbox 220 923 321 992; x_wconf 89' lang='lat' dir='ltr'>postea</span> <span class='ocrx_word' id='word_1_8' title='bbox 337 911 373 973; x_wconf 94' lang='lat' dir='ltr'>ad</span> <span class='ocrx_word' id='word_1_9' title='bbox 387 932 461 987; x_wconf 90' lang='lat' dir='ltr'>eum,</span> <span class='ocrx_word' id='word_1_10' title='bbox 476 917 524 996; x_wconf 90' lang='lat' dir='ltr'>qni</span> <span class='ocrx_word' id='word_1_11' title='bbox 544 914 740 994; x_wconf 71' lang='lat' dir='ltr'>philosophiae</span> <span class='ocrx_word' id='word_1_12' title='bbox 755 924 911 996; x_wconf 88' lang='lat' dir='ltr'>praecepta</span> <span class='ocrx_word' id='word_1_13' title='bbox 930 912 1005 975; x_wconf 81' lang='lat' dir='ltr'>isene</span> <span class='ocrx_word' id='word_1_14' title='bbox 1027 912 1082 975; x_wconf 81' lang='lat' dir='ltr'>sibi</span> <span class='ocrx_word' id='word_1_15' title='bbox 1102 932 1153 975; x_wconf 90' lang='lat' dir='ltr'>oo·</span> 
     </span>
     <span class='ocr_line' id='line_1_3' title="bbox 132 998 1153 1080; baseline 0.002 -23"><span class='ocrx_word' id='word_1_16' title='bbox 132 1000 210 1076; x_wconf 88' lang='lat' dir='ltr'>gnita</span> <span class='ocrx_word' id='word_1_17' title='bbox 226 999 355 1078; x_wconf 77' lang='lat' dir='ltr'><strong>negligit,</strong></span> <span class='ocrx_word' id='word_1_18' title='bbox 369 1001 409 1060; x_wconf 88' lang='lat' dir='ltr'>ita</span> <span class='ocrx_word' id='word_1_19' title='bbox 431 1002 613 1072; x_wconf 74' lang='lat' dir='ltr'>transfertur,</span> <span class='ocrx_word' id='word_1_20' title='bbox 635 1010 666 1060; x_wconf 90' lang='lat' dir='ltr'>ut</span> <span class='ocrx_word' id='word_1_21' title='bbox 680 998 755 1060; x_wconf 90' lang='lat' dir='ltr'>idem</span> <span class='ocrx_word' id='word_1_22' title='bbox 769 999 858 1061; x_wconf 83' lang='lat' dir='ltr'>videri</span> <span class='ocrx_word' id='word_1_23' title='bbox 873 1001 980 1080; x_wconf 90' lang='lat' dir='ltr'>possit,</span> <span class='ocrx_word' id='word_1_24' title='bbox 996 1009 1027 1059; x_wconf 91' lang='lat' dir='ltr'>et</span> <span class='ocrx_word' id='word_1_25' title='bbox 1040 1002 1153 1079; x_wconf 85' lang='lat' dir='ltr'>aegroti</span> 
     </span>
     <span class='ocr_line' id='line_1_4' title="bbox 76 1085 1151 1252; baseline 0.003 -24"><span class='ocrx_word' id='word_1_26' title='bbox 76 1133 81 1141; x_wconf 83' lang='grc'><strong>“</strong></span> <span class='ocrx_word' id='word_1_27' title='bbox 131 1085 1151 1252; x_wconf 51' lang='lat' dir='ltr'>titillantis:illitttitti&#39;gtlltlll,33:ss</span> 
     </span>
     <span class='ocr_line' id='line_1_5' title="bbox 131 1254 1150 1345; baseline 0.003 -31"><span class='ocrx_word' id='word_1_28' title='bbox 131 1273 208 1314; x_wconf 87' lang='lat' dir='ltr'>mors</span> <span class='ocrx_word' id='word_1_29' title='bbox 223 1274 286 1314; x_wconf 92' lang='lat' dir='ltr'>enm</span> <span class='ocrx_word' id='word_1_30' title='bbox 303 1257 450 1335; x_wconf 87' lang='lat' dir='ltr'>opprimit,</span> <span class='ocrx_word' id='word_1_31' title='bbox 473 1254 547 1345; x_wconf 88' lang='lat' dir='ltr'>quod</span> <span class='ocrx_word' id='word_1_32' title='bbox 567 1255 665 1316; x_wconf 85' lang='lat' dir='ltr'>eadem</span> <span class='ocrx_word' id='word_1_33' title='bbox 685 1258 797 1316; x_wconf 90' lang='lat' dir='ltr'>ratione</span> <span class='ocrx_word' id='word_1_34' title='bbox 812 1256 849 1318; x_wconf 91' lang='lat' dir='ltr'>de</span> <span class='ocrx_word' id='word_1_35' title='bbox 870 1257 955 1337; x_wconf 83' lang='lat' dir='ltr'>enimi</span> <span class='ocrx_word' id='word_1_36' title='bbox 974 1257 1050 1316; x_wconf 84' lang='lat' dir='ltr'>vitiis</span> <span class='ocrx_word' id='word_1_37' title='bbox 1064 1255 1150 1316; x_wconf 83' lang='lat' dir='ltr'>valet.</span> 
     </span>
     <span class='ocr_line' id='line_1_6' title="bbox 130 1339 1150 1421; baseline 0.002 -23"><span class='ocrx_word' id='word_1_38' title='bbox 130 1339 177 1399; x_wconf 81' lang='lat' dir='ltr'>As</span> <span class='ocrx_word' id='word_1_39' title='bbox 192 1340 284 1400; x_wconf 89' lang='lat' dir='ltr'>altera</span> <span class='ocrx_word' id='word_1_40' title='bbox 306 1352 387 1420; x_wconf 86' lang='lat' dir='ltr'>perte</span> <span class='ocrx_word' id='word_1_41' title='bbox 411 1340 515 1402; x_wconf 84' lang='lat' dir='ltr'>Nattae</span> <span class='ocrx_word' id='word_1_42' title='bbox 544 1343 619 1403; x_wconf 80' lang='lat' dir='ltr'>vitiis</span> <span class='ocrx_word' id='word_1_43' title='bbox 641 1341 744 1421; x_wconf 89' lang='lat' dir='ltr'>perditi</span> <span class='ocrx_word' id='word_1_44' title='bbox 761 1342 903 1414; x_wconf 72' lang='lat' dir='ltr'>dominis,</span> <span class='ocrx_word' id='word_1_45' title='bbox 918 1360 1088 1420; x_wconf 89' lang='lat' dir='ltr'>puerorum,</span> <span class='ocrx_word' id='word_1_46' title='bbox 1103 1342 1150 1421; x_wconf 90' lang='lat' dir='ltr'>qui</span> 
     </span>
     <span class='ocr_line' id='line_1_7' title="bbox 131 1421 1151 1497; baseline 0.003 -15"><span class='ocrx_word' id='word_1_47' title='bbox 131 1421 240 1484; x_wconf 84' lang='lat' dir='ltr'>ludicra</span> <span class='ocrx_word' id='word_1_48' title='bbox 263 1437 379 1497; x_wconf 86' lang='lat' dir='ltr'>curant,</span> <span class='ocrx_word' id='word_1_49' title='bbox 402 1428 598 1487; x_wconf 73' lang='lat' dir='ltr'>centurionum</span> <span class='ocrx_word' id='word_1_50' title='bbox 621 1429 695 1487; x_wconf 85' lang='lat' dir='ltr'>omni</span> <span class='ocrx_word' id='word_1_51' title='bbox 717 1429 801 1486; x_wconf 85' lang='lat' dir='ltr'>animi</span> <span class='ocrx_word' id='word_1_52' title='bbox 823 1428 932 1487; x_wconf 86' lang='lat' dir='ltr'>cultura</span> <span class='ocrx_word' id='word_1_53' title='bbox 953 1424 1151 1486; x_wconf 88' lang='lat' dir='ltr'>destitutorum</span> 
     </span>
     <span class='ocr_line' id='line_1_8' title="bbox 130 1511 1151 1593; baseline 0.002 -24"><span class='ocrx_word' id='word_1_54' title='bbox 130 1511 263 1590; x_wconf 85' lang='lat' dir='ltr'>exempla</span> <span class='ocrx_word' id='word_1_55' title='bbox 277 1523 471 1592; x_wconf 89' lang='lat' dir='ltr'>proponuntur</span> <span class='ocrx_word' id='word_1_56' title='bbox 493 1532 591 1573; x_wconf 86' lang='lat' dir='ltr'>eorum</span> <span class='ocrx_word' id='word_1_57' title='bbox 606 1512 765 1584; x_wconf 85' lang='lat' dir='ltr'>homiuum,</span> <span class='ocrx_word' id='word_1_58' title='bbox 781 1515 828 1593; x_wconf 91' lang='lat' dir='ltr'>qni</span> <span class='ocrx_word' id='word_1_59' title='bbox 842 1514 918 1572; x_wconf 90' lang='lat' dir='ltr'>iuter</span> <span class='ocrx_word' id='word_1_60' title='bbox 931 1512 1034 1571; x_wconf 86' lang='lat' dir='ltr'>bouum</span> <span class='ocrx_word' id='word_1_61' title='bbox 1049 1522 1079 1571; x_wconf 89' lang='lat' dir='ltr'>et</span> <span class='ocrx_word' id='word_1_62' title='bbox 1092 1531 1151 1571; x_wconf 92' lang='lat' dir='ltr'>ma·</span> 
     </span>
     <span class='ocr_line' id='line_1_9' title="bbox 129 1594 1150 1678; baseline 0.003 -24"><span class='ocrx_word' id='word_1_63' title='bbox 129 1595 200 1668; x_wconf 88' lang='lat' dir='ltr'>lum,</span> <span class='ocrx_word' id='word_1_64' title='bbox 216 1607 324 1657; x_wconf 87' lang='lat' dir='ltr'>rectum</span> <span class='ocrx_word' id='word_1_65' title='bbox 341 1608 372 1656; x_wconf 91' lang='lat' dir='ltr'>et</span> <span class='ocrx_word' id='word_1_66' title='bbox 385 1617 500 1676; x_wconf 85' lang='lat' dir='ltr'>pravum</span> <span class='ocrx_word' id='word_1_67' title='bbox 515 1597 681 1658; x_wconf 88' lang='lat' dir='ltr'>discernere</span> <span class='ocrx_word' id='word_1_68' title='bbox 697 1599 808 1657; x_wconf 88' lang='lat' dir='ltr'>omnino</span> <span class='ocrx_word' id='word_1_69' title='bbox 823 1607 976 1678; x_wconf 88' lang='lat' dir='ltr'>nequeunt</span> <span class='ocrx_word' id='word_1_70' title='bbox 1012 1594 1150 1658; x_wconf 85' lang='lat' dir='ltr'>Videmus</span> 
     </span>
     <span class='ocr_line' id='line_1_10' title="bbox 129 1679 1151 1763; baseline 0.002 -24"><span class='ocrx_word' id='word_1_71' title='bbox 129 1680 177 1740; x_wconf 84' lang='lat' dir='ltr'>lsie</span> <span class='ocrx_word' id='word_1_72' title='bbox 191 1700 302 1761; x_wconf 90' lang='lat' dir='ltr'>quoque</span> <span class='ocrx_word' id='word_1_73' title='bbox 317 1681 410 1742; x_wconf 87' lang='lat' dir='ltr'>Persii</span> <span class='ocrx_word' id='word_1_74' title='bbox 419 1688 547 1755; x_wconf 83' lang='lat' dir='ltr'>morem,</span> <span class='ocrx_word' id='word_1_75' title='bbox 568 1703 624 1763; x_wconf 91' lang='lat' dir='ltr'>quo</span> <span class='ocrx_word' id='word_1_76' title='bbox 639 1702 721 1741; x_wconf 83' lang='lat' dir='ltr'>unam</span> <span class='ocrx_word' id='word_1_77' title='bbox 735 1682 846 1762; x_wconf 89' lang='lat' dir='ltr'>quidem</span> <span class='ocrx_word' id='word_1_78' title='bbox 862 1702 937 1755; x_wconf 92' lang='lat' dir='ltr'>rem,</span> <span class='ocrx_word' id='word_1_79' title='bbox 957 1679 1080 1742; x_wconf 87' lang='lat' dir='ltr'>sednon</span> <span class='ocrx_word' id='word_1_80' title='bbox 1094 1700 1151 1741; x_wconf 92' lang='lat' dir='ltr'>uno</span> 
     </span>
     <span class='ocr_line' id='line_1_11' title="bbox 130 1764 1150 1849; baseline 0 -23"><span class='ocrx_word' id='word_1_81' title='bbox 130 1764 212 1826; x_wconf 88' lang='lat' dir='ltr'>modo</span> <span class='ocrx_word' id='word_1_82' title='bbox 227 1776 347 1839; x_wconf 87' lang='lat' dir='ltr'>tractat,</span> <span class='ocrx_word' id='word_1_83' title='bbox 369 1766 490 1828; x_wconf 76' lang='lat' dir='ltr'>divorsis</span> <span class='ocrx_word' id='word_1_84' title='bbox 505 1768 598 1846; x_wconf 90' lang='lat' dir='ltr'>potius</span> <span class='ocrx_word' id='word_1_85' title='bbox 620 1768 757 1847; x_wconf 87' lang='lat' dir='ltr'>exemplis</span> <span class='ocrx_word' id='word_1_86' title='bbox 771 1788 787 1829; x_wconf 91' lang='lat' dir='ltr'>e</span> <span class='ocrx_word' id='word_1_87' title='bbox 802 1771 860 1829; x_wconf 83' lang='lat' dir='ltr'>vita</span> <span class='ocrx_word' id='word_1_88' title='bbox 876 1765 1055 1849; x_wconf 84' lang='lat' dir='ltr'>quotidiana,</span> <span class='ocrx_word' id='word_1_89' title='bbox 1070 1767 1150 1826; x_wconf 88' lang='lat' dir='ltr'>euius</span> 
     </span>
     <span class='ocr_line' id='line_1_12' title="bbox 129 1849 1151 1934; baseline 0.001 -22"><span class='ocrx_word' id='word_1_90' title='bbox 129 1849 251 1930; x_wconf 86' lang='lat' dir='ltr'>diligens</span> <span class='ocrx_word' id='word_1_91' title='bbox 275 1852 444 1914; x_wconf 75' lang='lat' dir='ltr'>obuersatur</span> <span class='ocrx_word' id='word_1_92' title='bbox 469 1855 539 1926; x_wconf 84' lang='lat' dir='ltr'>luit,</span> <span class='ocrx_word' id='word_1_93' title='bbox 559 1855 656 1933; x_wconf 89' lang='lat' dir='ltr'>petitis</span> <span class='ocrx_word' id='word_1_94' title='bbox 676 1855 809 1927; x_wconf 80' lang='lat' dir='ltr'>illustrat.</span> <span class='ocrx_word' id='word_1_95' title='bbox 853 1853 950 1934; x_wconf 90' lang='lat' dir='ltr'>ltaque</span> <span class='ocrx_word' id='word_1_96' title='bbox 971 1871 1025 1912; x_wconf 89' lang='lat' dir='ltr'>nee</span> <span class='ocrx_word' id='word_1_97' title='bbox 1045 1855 1075 1912; x_wconf 93' lang='lat' dir='ltr'>in</span> <span class='ocrx_word' id='word_1_98' title='bbox 1095 1851 1151 1913; x_wconf 80' lang='lat' dir='ltr'>hac</span> 
     </span>
     <span class='ocr_line' id='line_1_13' title="bbox 129 1935 1150 2019; baseline 0.002 -24"><span class='ocrx_word' id='word_1_99' title='bbox 129 1938 218 1996; x_wconf 85' lang='lat' dir='ltr'>satira</span> <span class='ocrx_word' id='word_1_100' title='bbox 240 1935 368 2017; x_wconf 75' lang='lat' dir='ltr'>dialogus</span> <span class='ocrx_word' id='word_1_101' title='bbox 390 1959 452 1998; x_wconf 89' lang='lat' dir='ltr'>cum</span> <span class='ocrx_word' id='word_1_102' title='bbox 474 1959 530 1999; x_wconf 88' lang='lat' dir='ltr'>uua</span> <span class='ocrx_word' id='word_1_103' title='bbox 550 1938 706 2019; x_wconf 81' lang='lat' dir='ltr'>sudemque</span> <span class='ocrx_word' id='word_1_104' title='bbox 727 1957 849 2019; x_wconf 84' lang='lat' dir='ltr'>persona</span> <span class='ocrx_word' id='word_1_105' title='bbox 871 1939 1039 2018; x_wconf 89' lang='lat' dir='ltr'>aprincipio</span> <span class='ocrx_word' id='word_1_106' title='bbox 1060 1955 1150 2018; x_wconf 90' lang='lat' dir='ltr'>usque</span> 
     </span>
     <span class='ocr_line' id='line_1_14' title="bbox 130 2021 1150 2104; baseline 0.002 -22"><span class='ocrx_word' id='word_1_107' title='bbox 130 2021 263 2082; x_wconf 84' lang='lat' dir='ltr'>adfinem</span> <span class='ocrx_word' id='word_1_108' title='bbox 286 2023 417 2097; x_wconf 76' lang='lat' dir='ltr'>liabetur,</span> <span class='ocrx_word' id='word_1_109' title='bbox 447 2022 498 2085; x_wconf 89' lang='lat' dir='ltr'>sed</span> <span class='ocrx_word' id='word_1_110' title='bbox 521 2025 613 2084; x_wconf 90' lang='lat' dir='ltr'>oratio</span> <span class='ocrx_word' id='word_1_111' title='bbox 641 2022 750 2097; x_wconf 85' lang='lat' dir='ltr'>vivida,</span> <span class='ocrx_word' id='word_1_112' title='bbox 780 2027 854 2085; x_wconf 90' lang='lat' dir='ltr'>sicut</span> <span class='ocrx_word' id='word_1_113' title='bbox 874 2035 993 2084; x_wconf 88' lang='lat' dir='ltr'>naturae</span> <span class='ocrx_word' id='word_1_114' title='bbox 1014 2025 1150 2104; x_wconf 85' lang='lat' dir='ltr'>cuiusque</span> 
     </span>
     <span class='ocr_line' id='line_1_15' title="bbox 130 2106 1150 2189; baseline 0 -21"><span class='ocrx_word' id='word_1_115' title='bbox 130 2108 253 2186; x_wconf 84' lang='lat' dir='ltr'>exempli</span> <span class='ocrx_word' id='word_1_116' title='bbox 275 2112 424 2183; x_wconf 85' lang='lat' dir='ltr'>convenit,</span> <span class='ocrx_word' id='word_1_117' title='bbox 447 2130 514 2169; x_wconf 84' lang='lat' dir='ltr'>mox</span> <span class='ocrx_word' id='word_1_118' title='bbox 532 2109 639 2188; x_wconf 86' lang='lat' dir='ltr'>dialogi</span> <span class='ocrx_word' id='word_1_119' title='bbox 660 2111 778 2170; x_wconf 86' lang='lat' dir='ltr'>iormam</span> <span class='ocrx_word' id='word_1_120' title='bbox 801 2106 899 2169; x_wconf 90' lang='lat' dir='ltr'>induit.</span> <span class='ocrx_word' id='word_1_121' title='bbox 944 2108 1045 2189; x_wconf 89' lang='lat' dir='ltr'>Neque</span> <span class='ocrx_word' id='word_1_122' title='bbox 1068 2107 1150 2181; x_wconf 86' lang='lat' dir='ltr'>ordo,</span> 
     </span>
     <span class='ocr_line' id='line_1_16' title="bbox 129 2192 1151 2275; baseline 0.003 -23"><span class='ocrx_word' id='word_1_123' title='bbox 129 2212 185 2273; x_wconf 91' lang='lat' dir='ltr'>quo</span> <span class='ocrx_word' id='word_1_124' title='bbox 200 2212 249 2253; x_wconf 85' lang='lat' dir='ltr'>res</span> <span class='ocrx_word' id='word_1_125' title='bbox 264 2205 378 2267; x_wconf 77' lang='lat' dir='ltr'>nectat,</span> <span class='ocrx_word' id='word_1_126' title='bbox 393 2207 455 2256; x_wconf 91' lang='lat' dir='ltr'>arte</span> <span class='ocrx_word' id='word_1_127' title='bbox 471 2206 561 2256; x_wconf 86' lang='lat' dir='ltr'>caret</span> <span class='ocrx_word' id='word_1_128' title='bbox 590 2194 662 2255; x_wconf 87' lang='lat' dir='ltr'>Nam</span> <span class='ocrx_word' id='word_1_129' title='bbox 678 2215 743 2256; x_wconf 92' lang='lat' dir='ltr'>cum</span> <span class='ocrx_word' id='word_1_130' title='bbox 758 2197 874 2275; x_wconf 79' lang='lat' dir='ltr'>primunr</span> <span class='ocrx_word' id='word_1_131' title='bbox 889 2196 999 2255; x_wconf 81' lang='lat' dir='ltr'>iuvenis</span> <span class='ocrx_word' id='word_1_132' title='bbox 1014 2192 1151 2255; x_wconf 84' lang='lat' dir='ltr'>desidiam</span> 
     </span>
     <span class='ocr_line' id='line_1_17' title="bbox 130 2279 1152 2361; baseline 0.001 -23"><span class='ocrx_word' id='word_1_133' title='bbox 130 2288 161 2338; x_wconf 94' lang='lat' dir='ltr'>et</span> <span class='ocrx_word' id='word_1_134' title='bbox 179 2280 408 2359; x_wconf 75' lang='lat' dir='ltr'>inaequalitatem</span> <span class='ocrx_word' id='word_1_135' title='bbox 431 2279 467 2340; x_wconf 92' lang='lat' dir='ltr'>ad</span> <span class='ocrx_word' id='word_1_136' title='bbox 485 2283 579 2342; x_wconf 86' lang='lat' dir='ltr'>vivum</span> <span class='ocrx_word' id='word_1_137' title='bbox 601 2283 740 2360; x_wconf 80' lang='lat' dir='ltr'>pinxerit,</span> <span class='ocrx_word' id='word_1_138' title='bbox 770 2281 900 2361; x_wconf 85' lang='lat' dir='ltr'>exemplo</span> <span class='ocrx_word' id='word_1_139' title='bbox 921 2280 1046 2352; x_wconf 84' lang='lat' dir='ltr'>Nattae,</span> <span class='ocrx_word' id='word_1_140' title='bbox 1076 2279 1152 2360; x_wconf 91' lang='lat' dir='ltr'>quod</span> 
     </span>
     <span class='ocr_line' id='line_1_18' title="bbox 129 2363 1151 2448; baseline 0.002 -24"><span class='ocrx_word' id='word_1_141' title='bbox 129 2363 276 2425; x_wconf 85' lang='lat' dir='ltr'>commode</span> <span class='ocrx_word' id='word_1_142' title='bbox 297 2366 406 2439; x_wconf 75' lang='lat' dir='ltr'>attufit,</span> <span class='ocrx_word' id='word_1_143' title='bbox 429 2367 544 2445; x_wconf 76' lang='lat' dir='ltr'>digitum</span> <span class='ocrx_word' id='word_1_144' title='bbox 565 2369 593 2427; x_wconf 89' lang='lat' dir='ltr'>iu</span> <span class='ocrx_word' id='word_1_145' title='bbox 614 2366 642 2426; x_wconf 92' lang='lat' dir='ltr'>id</span> <span class='ocrx_word' id='word_1_146' title='bbox 664 2365 799 2439; x_wconf 83' lang='lat' dir='ltr'>intendit,</span> <span class='ocrx_word' id='word_1_147' title='bbox 816 2365 890 2448; x_wconf 94' lang='lat' dir='ltr'>quod</span> <span class='ocrx_word' id='word_1_148' title='bbox 905 2386 1039 2426; x_wconf 87' lang='lat' dir='ltr'>summum</span> <span class='ocrx_word' id='word_1_149' title='bbox 1055 2367 1083 2424; x_wconf 90' lang='lat' dir='ltr'>in</span> <span class='ocrx_word' id='word_1_150' title='bbox 1097 2364 1151 2426; x_wconf 80' lang='lat' dir='ltr'>tae</span> 
     </span>
     <span class='ocr_line' id='line_1_19' title="bbox 130 2449 1151 2533; baseline 0.003 -26"><span class='ocrx_word' id='word_1_151' title='bbox 130 2451 221 2508; x_wconf 77' lang='lat' dir='ltr'>satira</span> <span class='ocrx_word' id='word_1_152' title='bbox 236 2462 298 2523; x_wconf 87' lang='lat' dir='ltr'>est,</span> <span class='ocrx_word' id='word_1_153' title='bbox 320 2449 404 2531; x_wconf 90' lang='lat' dir='ltr'>idque</span> <span class='ocrx_word' id='word_1_154' title='bbox 426 2452 553 2512; x_wconf 84' lang='lat' dir='ltr'>breviter</span> <span class='ocrx_word' id='word_1_155' title='bbox 577 2451 687 2533; x_wconf 90' lang='lat' dir='ltr'>quidem</span> <span class='ocrx_word' id='word_1_156' title='bbox 702 2453 754 2512; x_wconf 93' lang='lat' dir='ltr'>sed</span> <span class='ocrx_word' id='word_1_157' title='bbox 775 2453 894 2532; x_wconf 87' lang='lat' dir='ltr'>egregie</span> <span class='ocrx_word' id='word_1_158' title='bbox 909 2461 939 2512; x_wconf 91' lang='lat' dir='ltr'>et</span> <span class='ocrx_word' id='word_1_159' title='bbox 960 2453 1030 2512; x_wconf 88' lang='lat' dir='ltr'>mira</span> <span class='ocrx_word' id='word_1_160' title='bbox 1045 2471 1108 2511; x_wconf 88' lang='lat' dir='ltr'>cum</span> <span class='ocrx_word' id='word_1_161' title='bbox 1122 2451 1151 2511; x_wconf 88' lang='lat' dir='ltr'>ui</span> 
     </span>
     <span class='ocr_line' id='line_1_20' title="bbox 129 2536 1151 2699; baseline 0.004 -21"><span class='ocrx_word' id='word_1_162' title='bbox 129 2536 291 2699; x_wconf 52' lang='lat' dir='ltr'>{diffie</span> <span class='ocrx_word' id='word_1_163' title='bbox 305 2536 602 2683; x_wconf 63' lang='lat' dir='ltr'>ilitttlti:</span> <span class='ocrx_word' id='word_1_164' title='bbox 610 2581 619 2611; x_wconf 90' lang='lat'>’</span> <span class='ocrx_word' id='word_1_165' title='bbox 632 2539 963 2683; x_wconf 64' lang='lat' dir='ltr'>,lltlmlltill</span> <span class='ocrx_word' id='word_1_166' title='bbox 984 2536 1151 2683; x_wconf 62' lang='lat' dir='ltr'>:lilii</span> 
     </span>
     <span class='ocr_line' id='line_1_21' title="bbox 599 2653 1151 2694; baseline 0 0"><span class='ocrx_word' id='word_1_167' title='bbox 599 2666 608 2694; x_wconf 84' lang='lat' dir='ltr'>s</span> <span class='ocrx_word' id='word_1_168' title='bbox 962 2665 971 2694; x_wconf 85' lang='lat' dir='ltr'>s</span> <span class='ocrx_word' id='word_1_169' title='bbox 1137 2653 1151 2667; x_wconf 89' lang='grc'><strong>“</strong></span> 
     </span>
     <span class='ocr_line' id='line_1_22' title="bbox 129 2707 1150 2788; baseline 0.002 -23"><span class='ocrx_word' id='word_1_170' title='bbox 129 2707 196 2784; x_wconf 84' lang='lat' dir='ltr'>gine</span> <span class='ocrx_word' id='word_1_171' title='bbox 211 2709 291 2784; x_wconf 91' lang='lat' dir='ltr'>pueri</span> <span class='ocrx_word' id='word_1_172' title='bbox 312 2709 467 2788; x_wconf 89' lang='lat' dir='ltr'>iucipiens,</span> <span class='ocrx_word' id='word_1_173' title='bbox 490 2727 571 2788; x_wconf 92' lang='lat' dir='ltr'>quem</span> <span class='ocrx_word' id='word_1_174' title='bbox 595 2719 674 2769; x_wconf 88' lang='lat' dir='ltr'>aetas</span> <span class='ocrx_word' id='word_1_175' title='bbox 696 2720 726 2769; x_wconf 88' lang='lat' dir='ltr'>et</span> <span class='ocrx_word' id='word_1_176' title='bbox 740 2710 848 2769; x_wconf 85' lang='lat' dir='ltr'>animus</span> <span class='ocrx_word' id='word_1_177' title='bbox 862 2708 979 2788; x_wconf 88' lang='lat' dir='ltr'>puerilia</span> <span class='ocrx_word' id='word_1_178' title='bbox 1001 2716 1150 2780; x_wconf 85' lang='lat' dir='ltr'>excusant,</span> 
     </span>
     <span class='ocr_line' id='line_1_23' title="bbox 130 2790 1149 2874; baseline 0.003 -24"><span class='ocrx_word' id='word_1_179' title='bbox 130 2790 167 2850; x_wconf 84' lang='lat' dir='ltr'>ad</span> <span class='ocrx_word' id='word_1_180' title='bbox 182 2811 246 2851; x_wconf 91' lang='lat' dir='ltr'>eum</span> <span class='ocrx_word' id='word_1_181' title='bbox 266 2794 367 2852; x_wconf 88' lang='lat' dir='ltr'>iterum</span> <span class='ocrx_word' id='word_1_182' title='bbox 387 2794 505 2866; x_wconf 82' lang='lat' dir='ltr'>transit,</span> <span class='ocrx_word' id='word_1_183' title='bbox 529 2795 577 2874; x_wconf 92' lang='lat' dir='ltr'>qui</span> <span class='ocrx_word' id='word_1_184' title='bbox 599 2797 759 2874; x_wconf 88' lang='lat' dir='ltr'>praeceptis</span> <span class='ocrx_word' id='word_1_185' title='bbox 782 2794 977 2874; x_wconf 82' lang='lat' dir='ltr'>philosophiae</span> <span class='ocrx_word' id='word_1_186' title='bbox 999 2793 1149 2872; x_wconf 77' lang='lat' dir='ltr'>neglectis,</span> 
     </span>
     <span class='ocr_line' id='line_1_24' title="bbox 130 2876 1150 2960; baseline 0.002 -25"><span class='ocrx_word' id='word_1_187' title='bbox 130 2879 193 2937; x_wconf 90' lang='lat' dir='ltr'>sine</span> <span class='ocrx_word' id='word_1_188' title='bbox 219 2889 300 2937; x_wconf 87' lang='lat' dir='ltr'>certo</span> <span class='ocrx_word' id='word_1_189' title='bbox 322 2879 440 2939; x_wconf 91' lang='lat' dir='ltr'>consilio</span> <span class='ocrx_word' id='word_1_190' title='bbox 461 2884 489 2937; x_wconf 93' lang='lat' dir='ltr'>in</span> <span class='ocrx_word' id='word_1_191' title='bbox 511 2878 585 2940; x_wconf 90' lang='lat' dir='ltr'>diem</span> <span class='ocrx_word' id='word_1_192' title='bbox 608 2881 693 2952; x_wconf 71' lang='lat' dir='ltr'>visit,</span> <span class='ocrx_word' id='word_1_193' title='bbox 716 2899 814 2960; x_wconf 83' lang='lat' dir='ltr'>quem,</span> <span class='ocrx_word' id='word_1_194' title='bbox 837 2876 903 2960; x_wconf 91' lang='lat' dir='ltr'>qnid</span> <span class='ocrx_word' id='word_1_195' title='bbox 924 2876 1084 2940; x_wconf 79' lang='lat' dir='ltr'>feriendum</span> <span class='ocrx_word' id='word_1_196' title='bbox 1103 2878 1150 2951; x_wconf 78' lang='lat' dir='ltr'>sit,</span> 
     </span>
     <span class='ocr_line' id='line_1_25' title="bbox 129 2962 1150 3044; baseline 0.003 -24"><span class='ocrx_word' id='word_1_197' title='bbox 129 2963 257 3040; x_wconf 88' lang='lat' dir='ltr'>graviter</span> <span class='ocrx_word' id='word_1_198' title='bbox 270 2962 414 3025; x_wconf 88' lang='lat' dir='ltr'>admouet.</span> <span class='ocrx_word' id='word_1_199' title='bbox 460 2964 512 3023; x_wconf 87' lang='lat' dir='ltr'>Cui</span> <span class='ocrx_word' id='word_1_200' title='bbox 534 2964 714 3024; x_wconf 88' lang='lat' dir='ltr'>admonitioni</span> <span class='ocrx_word' id='word_1_201' title='bbox 729 2967 833 3044; x_wconf 90' lang='lat' dir='ltr'>optime</span> <span class='ocrx_word' id='word_1_202' title='bbox 856 2965 967 3023; x_wconf 87' lang='lat' dir='ltr'>tertium</span> <span class='ocrx_word' id='word_1_203' title='bbox 989 2963 1150 3043; x_wconf 86' lang='lat' dir='ltr'>exemplum</span> 
     </span>
     <span class='ocr_line' id='line_1_26' title="bbox 129 3045 1151 3130; baseline 0.001 -23"><span class='ocrx_word' id='word_1_204' title='bbox 129 3045 256 3126; x_wconf 84' lang='lat' dir='ltr'>adiungit</span> <span class='ocrx_word' id='word_1_205' title='bbox 270 3068 377 3121; x_wconf 87' lang='lat' dir='ltr'>eorum,</span> <span class='ocrx_word' id='word_1_206' title='bbox 393 3050 440 3130; x_wconf 90' lang='lat' dir='ltr'>qui</span> <span class='ocrx_word' id='word_1_207' title='bbox 455 3048 568 3109; x_wconf 87' lang='lat' dir='ltr'>inscitia</span> <span class='ocrx_word' id='word_1_208' title='bbox 582 3060 613 3110; x_wconf 91' lang='lat' dir='ltr'>et</span> <span class='ocrx_word' id='word_1_209' title='bbox 627 3061 743 3129; x_wconf 89' lang='lat' dir='ltr'>torpore</span> <span class='ocrx_word' id='word_1_210' title='bbox 759 3050 916 3122; x_wconf 81' lang='lat' dir='ltr'>submersi,</span> <span class='ocrx_word' id='word_1_211' title='bbox 941 3048 1004 3109; x_wconf 88' lang='lat' dir='ltr'>dum</span> <span class='ocrx_word' id='word_1_212' title='bbox 1020 3049 1075 3107; x_wconf 79' lang='lat' dir='ltr'>silui</span> <span class='ocrx_word' id='word_1_213' title='bbox 1089 3049 1151 3128; x_wconf 91' lang='lat' dir='ltr'>pla·</span> 
     </span>
     <span class='ocr_line' id='line_1_27' title="bbox 129 3134 1151 3214; baseline 0.001 -22"><span class='ocrx_word' id='word_1_214' title='bbox 129 3143 207 3204; x_wconf 85' lang='lat' dir='ltr'>cent,</span> <span class='ocrx_word' id='word_1_215' title='bbox 228 3134 297 3193; x_wconf 84' lang='lat' dir='ltr'>tslia</span> <span class='ocrx_word' id='word_1_216' title='bbox 318 3145 499 3195; x_wconf 88' lang='lat' dir='ltr'>contemnunt</span> <span class='ocrx_word' id='word_1_217' title='bbox 521 3135 676 3194; x_wconf 84' lang='lat' dir='ltr'>strident.</span> <span class='ocrx_word' id='word_1_218' title='bbox 730 3135 824 3208; x_wconf 80' lang='lat' dir='ltr'>Quare</span> <span class='ocrx_word' id='word_1_219' title='bbox 845 3136 951 3194; x_wconf 88' lang='lat' dir='ltr'>omissa</span> <span class='ocrx_word' id='word_1_220' title='bbox 972 3134 1151 3214; x_wconf 81' lang='lat' dir='ltr'>philosophia</span> 
     </span>
     <span class='ocr_line' id='line_1_28' title="bbox 131 3215 1149 3302; baseline 0.001 -25"><span class='ocrx_word' id='word_1_221' title='bbox 131 3215 244 3278; x_wconf 88' lang='lat' dir='ltr'>aliunde</span> <span class='ocrx_word' id='word_1_222' title='bbox 265 3221 382 3298; x_wconf 89' lang='lat' dir='ltr'>petitum</span> <span class='ocrx_word' id='word_1_223' title='bbox 407 3220 566 3297; x_wconf 85' lang='lat' dir='ltr'>exemplum</span> <span class='ocrx_word' id='word_1_224' title='bbox 580 3221 684 3302; x_wconf 79' lang='lat' dir='ltr'>¹allent,</span> <span class='ocrx_word' id='word_1_225' title='bbox 714 3219 750 3280; x_wconf 89' lang='lat' dir='ltr'>de</span> <span class='ocrx_word' id='word_1_226' title='bbox 773 3230 909 3300; x_wconf 83' lang='lat' dir='ltr'>aegroto,</span> <span class='ocrx_word' id='word_1_227' title='bbox 939 3223 986 3301; x_wconf 89' lang='lat' dir='ltr'>qui</span> <span class='ocrx_word' id='word_1_228' title='bbox 1013 3220 1149 3290; x_wconf 80' lang='lat' dir='ltr'>morium,</span> 
     </span>
     <span class='ocr_line' id='line_1_29' title="bbox 131 3301 1151 3385; baseline 0.001 -23"><span class='ocrx_word' id='word_1_229' title='bbox 131 3323 212 3384; x_wconf 90' lang='lat' dir='ltr'>quem</span> <span class='ocrx_word' id='word_1_230' title='bbox 228 3307 352 3382; x_wconf 81' lang='lat' dir='ltr'>agnovit,</span> <span class='ocrx_word' id='word_1_231' title='bbox 368 3308 430 3385; x_wconf 89' lang='lat' dir='ltr'>ipse</span> <span class='ocrx_word' id='word_1_232' title='bbox 445 3305 579 3384; x_wconf 87' lang='lat' dir='ltr'>negligit,</span> <span class='ocrx_word' id='word_1_233' title='bbox 602 3305 693 3365; x_wconf 90' lang='lat' dir='ltr'>donec</span> <span class='ocrx_word' id='word_1_234' title='bbox 707 3317 798 3366; x_wconf 89' lang='lat' dir='ltr'>morte</span> <span class='ocrx_word' id='word_1_235' title='bbox 821 3307 996 3384; x_wconf 89' lang='lat' dir='ltr'>opprimitur,</span> <span class='ocrx_word' id='word_1_236' title='bbox 1012 3303 1085 3385; x_wconf 92' lang='lat' dir='ltr'>quod</span> <span class='ocrx_word' id='word_1_237' title='bbox 1100 3301 1151 3364; x_wconf 90' lang='lat' dir='ltr'>de·</span> 
     </span>
     <span class='ocr_line' id='line_1_30' title="bbox 130 3389 1152 3471; baseline -0.002 -23"><span class='ocrx_word' id='word_1_238' title='bbox 130 3390 215 3469; x_wconf 91' lang='lat' dir='ltr'>niqnc</span> <span class='ocrx_word' id='word_1_239' title='bbox 231 3389 266 3448; x_wconf 84' lang='lat' dir='ltr'>nd</span> <span class='ocrx_word' id='word_1_240' title='bbox 284 3391 367 3450; x_wconf 90' lang='lat' dir='ltr'>animi</span> <span class='ocrx_word' id='word_1_241' title='bbox 388 3392 457 3450; x_wconf 87' lang='lat' dir='ltr'>vitis</span> <span class='ocrx_word' id='word_1_242' title='bbox 477 3390 671 3471; x_wconf 86' lang='lat' dir='ltr'>applicandum</span> <span class='ocrx_word' id='word_1_243' title='bbox 693 3410 760 3451; x_wconf 82' lang='lat' dir='ltr'>esse</span> <span class='ocrx_word' id='word_1_244' title='bbox 781 3394 880 3470; x_wconf 91' lang='lat' dir='ltr'>raptim</span> <span class='ocrx_word' id='word_1_245' title='bbox 895 3401 990 3451; x_wconf 90' lang='lat' dir='ltr'>mouet</span> <span class='ocrx_word' id='word_1_246' title='bbox 1004 3400 1035 3450; x_wconf 86' lang='lat' dir='ltr'>et</span> <span class='ocrx_word' id='word_1_247' title='bbox 1049 3392 1104 3462; x_wconf 83' lang='lat' dir='ltr'>ita,</span> <span class='ocrx_word' id='word_1_248' title='bbox 1119 3399 1152 3449; x_wconf 94' lang='lat' dir='ltr'>ut</span> 
     </span>
     <span class='ocr_line' id='line_1_31' title="bbox 130 3472 1149 3557; baseline 0.002 -24"><span class='ocrx_word' id='word_1_249' title='bbox 130 3472 195 3553; x_wconf 90' lang='lat' dir='ltr'>quid</span> <span class='ocrx_word' id='word_1_250' title='bbox 208 3475 285 3547; x_wconf 86' lang='lat' dir='ltr'>velit,</span> <span class='ocrx_word' id='word_1_251' title='bbox 300 3477 398 3549; x_wconf 85' lang='lat' dir='ltr'>exiis,</span> <span class='ocrx_word' id='word_1_252' title='bbox 414 3494 486 3557; x_wconf 86' lang='lat' dir='ltr'>quae</span> <span class='ocrx_word' id='word_1_253' title='bbox 502 3474 682 3548; x_wconf 88' lang='lat' dir='ltr'>antecedunt,</span> <span class='ocrx_word' id='word_1_254' title='bbox 697 3474 885 3556; x_wconf 84' lang='lat' dir='ltr'>colligendum</span> <span class='ocrx_word' id='word_1_255' title='bbox 900 3476 992 3555; x_wconf 86' lang='lat' dir='ltr'>magis</span> <span class='ocrx_word' id='word_1_256' title='bbox 1007 3476 1054 3549; x_wconf 86' lang='lat' dir='ltr'>sit,</span> <span class='ocrx_word' id='word_1_257' title='bbox 1068 3494 1149 3556; x_wconf 81' lang='lat' dir='ltr'>quan</span> 
     </span>
     <span class='ocr_line' id='line_1_32' title="bbox 130 3578 308 3638; baseline 0.006 -20"><span class='ocrx_word' id='word_1_258' title='bbox 130 3578 308 3638; x_wconf 86' lang='lat' dir='ltr'>expressum.</span> 
     </span>
    </p>

    <p class='ocr_par' dir='ltr' id='par_1_3' title="bbox 128 3641 1150 4240">
     <span class='ocr_line' id='line_1_33' title="bbox 216 3641 1150 3727; baseline 0.001 -22"><span class='ocrx_word' id='word_1_259' title='bbox 216 3645 253 3705; x_wconf 91' lang='lat' dir='ltr'>Ut</span> <span class='ocrx_word' id='word_1_260' title='bbox 267 3646 356 3705; x_wconf 85' lang='lat' dir='ltr'>schol.</span> <span class='ocrx_word' id='word_1_261' title='bbox 372 3656 479 3718; x_wconf 86' lang='lat' dir='ltr'>narrat,</span> <span class='ocrx_word' id='word_1_262' title='bbox 494 3647 637 3706; x_wconf 86' lang='lat' dir='ltr'>transtulit</span> <span class='ocrx_word' id='word_1_263' title='bbox 659 3658 746 3727; x_wconf 90' lang='lat' dir='ltr'>poeta</span> <span class='ocrx_word' id='word_1_264' title='bbox 765 3648 838 3707; x_wconf 86' lang='lat' dir='ltr'>haue</span> <span class='ocrx_word' id='word_1_265' title='bbox 859 3648 975 3706; x_wconf 84' lang='lat' dir='ltr'>satiram</span> <span class='ocrx_word' id='word_1_266' title='bbox 996 3665 1035 3705; x_wconf 85' lang='lat' dir='ltr'>ex</span> <span class='ocrx_word' id='word_1_267' title='bbox 1048 3641 1150 3706; x_wconf 84' lang='lat' dir='ltr'>Lucilii</span> 
     </span>
     <span class='ocr_line' id='line_1_34' title="bbox 129 3729 1150 3811; baseline 0.002 -23"><span class='ocrx_word' id='word_1_268' title='bbox 129 3729 202 3789; x_wconf 85' lang='lat' dir='ltr'>libro</span> <span class='ocrx_word' id='word_1_269' title='bbox 217 3729 266 3802; x_wconf 83' lang='lat' dir='ltr'>lv,</span> <span class='ocrx_word' id='word_1_270' title='bbox 281 3733 309 3789; x_wconf 92' lang='lat' dir='ltr'>iu</span> <span class='ocrx_word' id='word_1_271' title='bbox 325 3752 379 3811; x_wconf 93' lang='lat' dir='ltr'>quo</span> <span class='ocrx_word' id='word_1_272' title='bbox 387 3733 523 3792; x_wconf 81' lang='lat' dir='ltr'>luxuriam</span> <span class='ocrx_word' id='word_1_273' title='bbox 539 3731 651 3792; x_wconf 76' lang='lat' dir='ltr'>divitum</span> <span class='ocrx_word' id='word_1_274' title='bbox 668 3744 698 3792; x_wconf 92' lang='lat' dir='ltr'>et</span> <span class='ocrx_word' id='word_1_275' title='bbox 710 3734 778 3792; x_wconf 78' lang='lat' dir='ltr'>vitia</span> <span class='ocrx_word' id='word_1_276' title='bbox 793 3733 953 3811; x_wconf 82' lang='lat' dir='ltr'>castigavit.</span> <span class='ocrx_word' id='word_1_277' title='bbox 969 3731 1150 3810; x_wconf 79' lang='lat' dir='ltr'>Fragmenta,</span> 
     </span>
     <span class='ocr_line' id='line_1_35' title="bbox 131 3814 1150 3897; baseline 0.002 -24"><span class='ocrx_word' id='word_1_278' title='bbox 131 3835 204 3894; x_wconf 92' lang='lat' dir='ltr'>quae</span> <span class='ocrx_word' id='word_1_279' title='bbox 220 3835 257 3874; x_wconf 85' lang='lat' dir='ltr'>ex</span> <span class='ocrx_word' id='word_1_280' title='bbox 271 3816 326 3876; x_wconf 86' lang='lat' dir='ltr'>lsoc</span> <span class='ocrx_word' id='word_1_281' title='bbox 342 3817 413 3876; x_wconf 84' lang='lat' dir='ltr'>libro</span> <span class='ocrx_word' id='word_1_282' title='bbox 433 3829 549 3878; x_wconf 77' lang='lat' dir='ltr'>servata</span> <span class='ocrx_word' id='word_1_283' title='bbox 571 3829 652 3889; x_wconf 91' lang='lat' dir='ltr'>suut,</span> <span class='ocrx_word' id='word_1_284' title='bbox 673 3837 711 3877; x_wconf 84' lang='lat' dir='ltr'>ex</span> <span class='ocrx_word' id='word_1_285' title='bbox 724 3829 806 3897; x_wconf 89' lang='lat' dir='ltr'>parto</span> <span class='ocrx_word' id='word_1_286' title='bbox 820 3820 964 3896; x_wconf 85' lang='lat' dir='ltr'>pertinent</span> <span class='ocrx_word' id='word_1_287' title='bbox 979 3814 1014 3876; x_wconf 90' lang='lat' dir='ltr'>ad</span> <span class='ocrx_word' id='word_1_288' title='bbox 1030 3817 1087 3877; x_wconf 92' lang='lat' dir='ltr'>tale</span> <span class='ocrx_word' id='word_1_289' title='bbox 1101 3834 1150 3877; x_wconf 87' lang='lat' dir='ltr'>ar·</span> 
     </span>
     <span class='ocr_line' id='line_1_36' title="bbox 129 3902 1150 3982; baseline 0.002 -23"><span class='ocrx_word' id='word_1_290' title='bbox 129 3912 309 3978; x_wconf 80' lang='lat' dir='ltr'>gementum,</span> <span class='ocrx_word' id='word_1_291' title='bbox 331 3922 423 3982; x_wconf 88' lang='lat' dir='ltr'>nequa</span> <span class='ocrx_word' id='word_1_292' title='bbox 446 3914 539 3963; x_wconf 86' lang='lat' dir='ltr'>tamen</span> <span class='ocrx_word' id='word_1_293' title='bbox 561 3904 602 3962; x_wconf 82' lang='lat' dir='ltr'>its</span> <span class='ocrx_word' id='word_1_294' title='bbox 621 3915 787 3981; x_wconf 88' lang='lat' dir='ltr'>comparata</span> <span class='ocrx_word' id='word_1_295' title='bbox 808 3915 889 3976; x_wconf 88' lang='lat' dir='ltr'>snut,</span> <span class='ocrx_word' id='word_1_296' title='bbox 919 3915 949 3961; x_wconf 90' lang='lat' dir='ltr'>ut</span> <span class='ocrx_word' id='word_1_297' title='bbox 969 3903 1044 3961; x_wconf 89' lang='lat' dir='ltr'>illam</span> <span class='ocrx_word' id='word_1_298' title='bbox 1059 3902 1150 3962; x_wconf 89' lang='lat' dir='ltr'>Persii</span> 
     </span>
     <span class='ocr_line' id='line_1_37' title="bbox 128 3988 1150 4069; baseline 0.002 -25"><span class='ocrx_word' id='word_1_299' title='bbox 128 3988 314 4046; x_wconf 84' lang='lat' dir='ltr'>imitationem</span> <span class='ocrx_word' id='word_1_300' title='bbox 339 3989 471 4066; x_wconf 85' lang='lat' dir='ltr'>probent.</span> <span class='ocrx_word' id='word_1_301' title='bbox 515 3988 618 4069; x_wconf 88' lang='lat' dir='ltr'>Neque</span> <span class='ocrx_word' id='word_1_302' title='bbox 649 3989 773 4049; x_wconf 86' lang='lat' dir='ltr'>sulliciat</span> <span class='ocrx_word' id='word_1_303' title='bbox 794 3990 866 4049; x_wconf 85' lang='lat' dir='ltr'>haee</span> <span class='ocrx_word' id='word_1_304' title='bbox 881 3989 998 4058; x_wconf 89' lang='lat' dir='ltr'>notitia,</span> <span class='ocrx_word' id='word_1_305' title='bbox 1019 3998 1050 4046; x_wconf 91' lang='lat' dir='ltr'>nt</span> <span class='ocrx_word' id='word_1_306' title='bbox 1071 3988 1150 4065; x_wconf 85' lang='lat' dir='ltr'>irag-</span> 
     </span>
     <span class='ocr_line' id='line_1_38' title="bbox 130 4071 1150 4157; baseline 0.002 -27"><span class='ocrx_word' id='word_1_307' title='bbox 130 4084 252 4132; x_wconf 91' lang='lat' dir='ltr'>mentum</span> <span class='ocrx_word' id='word_1_308' title='bbox 272 4072 374 4133; x_wconf 87' lang='lat' dir='ltr'>Lucilii</span> <span class='ocrx_word' id='word_1_309' title='bbox 398 4076 466 4148; x_wconf 87' lang='lat' dir='ltr'>(inc.</span> <span class='ocrx_word' id='word_1_310' title='bbox 491 4079 521 4147; x_wconf 88' lang='lat'>1)</span> <span class='ocrx_word' id='word_1_311' title='bbox 547 4074 584 4133; x_wconf 87' lang='lat' dir='ltr'>ad</span> <span class='ocrx_word' id='word_1_312' title='bbox 606 4095 631 4136; x_wconf 82' lang='lat' dir='ltr'>s.</span> <span class='ocrx_word' id='word_1_313' title='bbox 649 4079 691 4138; x_wconf 83' lang='grc'>67</span> <span class='ocrx_word' id='word_1_314' title='bbox 714 4094 775 4157; x_wconf 87' lang='lat' dir='ltr'>sqq.</span> <span class='ocrx_word' id='word_1_315' title='bbox 800 4073 941 4136; x_wconf 86' lang='lat' dir='ltr'>laudatum</span> <span class='ocrx_word' id='word_1_316' title='bbox 960 4071 1026 4134; x_wconf 91' lang='lat' dir='ltr'>ideo</span> <span class='ocrx_word' id='word_1_317' title='bbox 1048 4084 1150 4155; x_wconf 88' lang='lat' dir='ltr'>quarto</span> 
     </span>
     <span class='ocr_line' id='line_1_39' title="bbox 130 4156 555 4240; baseline 0.012 -27"><span class='ocrx_word' id='word_1_318' title='bbox 130 4156 202 4216; x_wconf 87' lang='lat' dir='ltr'>libro</span> <span class='ocrx_word' id='word_1_319' title='bbox 217 4158 319 4217; x_wconf 87' lang='lat' dir='ltr'>lectum</span> <span class='ocrx_word' id='word_1_320' title='bbox 334 4179 401 4220; x_wconf 91' lang='lat' dir='ltr'>esse</span> <span class='ocrx_word' id='word_1_321' title='bbox 416 4172 555 4240; x_wconf 79' lang='lat' dir='ltr'>putemus.</span> 
     </span>
    </p>
   </div>
   <div class='ocr_carea' id='block_1_3' title="bbox 0 0 1292 5054">
    <p class='ocr_par' dir='ltr' id='par_1_4' title="bbox 0 0 1292 5054">
     <span class='ocr_line' id='line_1_40' title="bbox 0 0 1292 5054; baseline 0 0"><span class='ocrx_word' id='word_1_322' title='bbox 0 0 1292 5054; x_wconf 95' lang='lat' dir='ltr'> </span> 
     </span>
    </p>
   </div>
  </div>
 </body>
</html>
