2574 5054
373 797 580 893 SCHOL3AD
603 796 688 860 SA‘l'.
708 797 746 871 V,
769 801 919 864 69-75·
1090 788 1154 861 ³29

218 974 269 1036 ot.
291 972 369 1032 Eece
382 971 469 1031 oliui
481 987 550 1032 eros
564 971 665 1048 egerit
677 971 729 1029 bos
744 989 857 1044 onnes,
878 967 907 1029 id
922 979 983 1030 este
999 966 1060 1030 llos
1074 988 1151 1043 eras,

135 1055 210 1139 quob
225 1060 283 1129 ais,
306 1076 395 1116 annos
410 1057 517 1137 eliquat
531 1066 561 1116 et
575 1056 715 1116 consumit
736 1056 783 1117 vel
798 1056 956 1135 praeterire
973 1056 1050 1115 lacit.

135 1147 179 1205 Et
194 1163 310 1222 semper
326 1142 451 1222 ponium
471 1143 533 1200 erit
550 1142 651 1215 ultra,-
670 1139 698 1199 m
714 1152 777 1214 est,
792 1139 948 1201 differendo
963 1160 1077 1220 semper
1091 1150 1152 1200 sto-

135 1228 226 1302 lium,
250 1226 360 1288 desidia
381 1226 484 1286 nullum
506 1227 588 1286 linem
609 1227 750 1301 invenietp
778 1228 844 1306 quia
864 1223 928 1286 olum
951 1228 1062 1287 venerit
1076 1244 1152 1300 eras,

135 1313 209 1376 aliud
226 1322 373 1392 superest,
390 1311 464 1393 quob
479 1315 580 1372 iterum
596 1309 720 1370 differas.

220 1403 272 1462 7⁰.
293 1400 370 1459 Nom
388 1398 520 1477 quemuis
534 1416 629 1476 prope
645 1406 682 1455 te.
705 1397 786 1457 liuns
801 1396 891 1456 locum
907 1407 991 1477 poeta
1006 1415 1060 1477 per
1074 1397 1152 1456 simi·

133 1482 278 1545 litudiuem
300 1482 407 1555 reite,
431 1480 506 1563 quod
529 1493 574 1543 est
595 1501 685 1561 genus
715 1480 838 1544 vehiculi
867 1493 987 1563 quatuor
1016 1493 1151 1554 rotarum,

135 1571 281 1648 exprimit,
304 1567 420 1629 dicens:
448 1568 532 1628 Licet
554 1567 605 1627 sub
628 1587 683 1628 uno
705 1577 816 1628 temone
839 1567 1016 1648 praecedens
1037 1578 1067 1627 et
1087 1567 1154 1627 sub·

135 1674 260 1735 sequena
280 1665 343 1714 rota
365 1652 515 1726 decurrat,
538 1672 676 1733 nonquam
697 1664 792 1714 mmen
815 1655 957 1732 posterior
976 1652 1154 1732 praeceden-

135 1751 193 1801 tem
219 1741 420 1821 consequitur,
448 1739 516 1799 licet
545 1758 633 1818 parvo
660 1742 751 1817 spatio
778 1741 960 1818 interposito;
992 1736 1152 1798 tantundem

136 1828 228 1905 prior,
250 1829 427 1906 quantumst
449 1827 593 1903 posterior
614 1824 744 1884 volvitur·
775 1824 817 1884 lta
840 1837 871 1884 et
886 1845 936 1884 nos
951 1822 1053 1897 docet,
1076 1822 1151 1906 quoi

135 1912 226 1983 diem,
247 1930 329 1991 quam
345 1909 500 1971 differendo
515 1906 670 1969 doctrinam
686 1909 846 1991 perdimus,
869 1929 1008 1992 nunquam
1022 1907 1069 1971 lie
1084 1929 1154 1971 con·

136 2008 275 2078 sequente
291 1995 326 2056 ab
342 1994 433 2055 studia
449 2015 624 2073 reparamus.

221 2086 272 2144 78.
295 2083 448 2141 Libertate
462 2100 535 2159 opus
550 2089 605 2140 est.
627 2077 672 2139 Aa
688 2081 853 2159 sapientiam
868 2079 1049 2151 hortaturus,
1064 2091 1155 2140 mets·

135 2168 204 2227 riam
221 2166 293 2226 bane
308 2167 362 2226 sibi
377 2164 502 2243 tetegit,
521 2164 636 2234 lineus,
658 2167 746 2225 solum
770 2165 887 2225 liberum
902 2183 969 2225 esse
984 2166 1152 2245 sapientem.

136 2252 254 2311 Constat
267 2263 359 2310 autem
375 2262 405 2311 et
424 2251 599 2329 Aristippum
619 2252 662 2311 sic
677 2253 794 2311 iuvenes
810 2251 905 2311 solere
920 2250 956 2311 ab
972 2249 1091 2310 studium
1106 2269 1155 2309 sa·

135 2337 260 2416 pientiae
283 2335 402 2399 hortari.
431 2334 579 2395 Libertate
601 2354 672 2416 opus
695 2347 757 2408 est,
781 2345 911 2415 tanquam
927 2332 1091 2406 illiceret,
1107 2354 1156 2394 se·

135 2423 241 2499 pientia
256 2422 284 2479 in
299 2422 427 2480 omnibus
442 2421 607 2480 neccssaria
624 2431 679 2479 est.
765 2422 831 2480 Non
846 2423 920 2491 boc,
937 2439 1014 2499 quo,
1028 2429 1062 2479 ut
1075 2421 1156 2499 qur's·

137 2525 192 2585 pue
223 2506 350 2579 Veiinn,·
384 2524 439 2564 non
460 2503 534 2564 illam
558 2505 719 2564 libertatem
736 2503 820 2577 (licit,
849 2526 931 2586 mam
957 2504 1074 2586 quisque
1102 2524 1156 2585 per

135 2593 381 2651 manumissionem
411 2592 481 2651 civis
511 2589 653 2650 Romanus
682 2592 775 2650 iactus
798 2592 999 2670 consequitur3
1031 2594 1059 2650 io
1081 2590 1156 2650 tribu

136 2675 239 2735 Velina
260 2679 375 2737 censeri
394 2683 422 2748 ¹,
442 2675 582 2756 poblicum
605 2677 772 2736 trumentum
794 2679 941 2756 accipere:
964 2674 1015 2736 sel
1037 2695 1099 2736 eum
1122 2676 1156 2735 li·

136 2761 293 2832 bertatem,
322 2781 395 2842 quae
417 2759 453 2821 tle
475 2759 567 2821 studio
597 2762 792 2841 philosophiae
823 2764 958 2821 nascitur.
996 2761 1157 2822 *Velina

136 2847 259 2906 tribus
288 2865 439 2906 numero
466 2846 628 2907 aliarum
657 2848 818 2906 tribuum
848 2847 1032 2907 accessit.
1071 2845 1155 2906 Nem

137 2933 199 3012 qui
235 2933 335 2992 eirea
374 2931 541 2992 Velinum
576 2933 692 2992 lacum
729 2930 971 3004 babitabant,
1014 2931 1156 2992 Romam

63 3039 68 3055 ·
137 3016 315 3076 transisti
344 3028 438 3077 suut.
481 3017 617 3077 Romus
645 3029 764 3076 autem
791 3016 1156 3089 eratconsoetnlo,

138 3114 176 3160 ut
205 3122 350 3174 omnes,
385 3103 447 3184 qui
480 3122 525 3164 ex
555 3104 843 3163 manumissione
880 3104 980 3162 cives
1009 3102 1156 3161 Romani

138 3187 308 3260 fiebant,
340 3188 375 3247 in
397 3208 547 3249 numero
569 3189 704 3249 civium
733 3188 974 3247 Romanorum
998 3189 1157 3247 frumen·

137 3284 206 3332 tum
234 3273 419 3352 publicum
448 3276 701 3353 acciperent·
735 3275 813 3353 Ergo
834 3293 936 3333 sensus
963 3284 1024 3333 est:
1055 3273 1157 3333 Liber·

138 3369 214 3430 tate,
234 3358 289 3418 boe
310 3370 356 3418 est
377 3361 532 3438 sapientia,
554 3357 686 3418 utendum
710 3370 771 3430 est,
795 3379 849 3418 non
873 3369 964 3418 autem
986 3357 1052 3428 illa,
1075 3378 1158 3439 quam

54 3466 56 3471 ·
138 3443 253 3503 Publius
283 3446 420 3516 emeruit,
449 3446 495 3525 qui
523 3463 576 3525 per
600 3455 740 3505 tesseram
760 3446 923 3504 scabiosum
937 3443 997 3524 sor
1018 3443 1157 3523 possidet,

137 3527 166 3590 it
182 3539 228 3590 est
242 3541 404 3609 corruptum
419 3541 450 3590 et
464 3540 546 3608 putre
562 3530 740 3589 frumentum.

225 3619 276 3678 ⁷5.
299 3617 362 3675 Heu
383 3618 500 3676 steriles
520 3617 603 3686 ueri,
627 3613 654 3674 ib
677 3625 723 3675 est
744 3617 835 3694 ignari
850 3616 991 3676 veritatis.
1024 3613 1097 3675 Suet
1111 3617 1157 3697 qui

139 3700 300 3760 existimant
315 3700 475 3760 libertatem
491 3719 544 3780 per
557 3701 646 3759 solnm
661 3703 908 3760 manumissionem
923 3702 1085 3780 acquirere.

142 3786 253 3862 Quibus
269 3805 328 3845 uno
346 3786 490 3862 Quiritem
511 3789 627 3865 vertigo
641 3786 743 3865 sooit;
767 3789 831 3867 quia
853 3787 1047 3866 'quotiens
1065 3791 1159 3844 ²ma-

139 3870 409 3943 numitteluaut,
445 3890 511 3931 eos
539 3872 650 3950 alapa
684 3891 891 3951 percussos
928 3873 1159 3951 circumage·

138 3954 245 4028 bant,
269 3967 306 4016 et
328 3957 472 4017 liberos
491 3957 784 4029 confirmabunt,
807 3956 898 4016 uude
918 3958 1158 4016 manumissio

139 4039 262 4113 dieta,
284 4041 377 4121 quob
405 4048 530 4102 manu*
549 4043 611 4103 eius
633 4043 927 4102 *mitteretur.³*
1016 4043 1158 4120 Quiritem

139 4137 232 4186 autem
254 4128 438 4205 singulariter
458 4128 575 4188 abusive
598 4127 684 4200 dixit,
709 4128 823 4187 licentia
846 4129 968 4207 poetice.
1000 4127 1072 4188 Nam
1088 4129 1160 4188 sicut

136 4221 227 4290 poter
250 4214 433 4291 conscriptus
448 4233 504 4273 non
524 4212 644 4289 licitur,
668 4216 707 4274 ita
730 4233 784 4275 uec
810 4215 953 4289 Quiritem
972 4211 1070 4277 dicere
1092 4233 1159 4296 pos·

142 4316 248 4356 sumus.

143 4414 154 4465 l
176 4418 205 4464 st
222 4438 256 4450 -
273 4417 397 4464 censetur
413 4414 485 4480 vulg.
762 4418 863 4484 2quos
879 4415 949 4472 Pitb.

143 4482 159 4534 3
177 4496 274 4534 monus
289 4485 403 4533 imnettt.
422 4482 500 4535 Febr.

234 4724 525 4764 *nu-..¹
