2574 5054
182 790 298 833 exano
508 729 874 830 rnonuuounua

346 935 379 1000 V,
400 936 450 991 tra
467 951 528 987 mem
544 934 824 1016 reassumpti-was
842 949 967 986 accarca
984 935 1003 985 i.
1023 948 1113 986 vocor.

346 1019 381 1086 V,
402 1022 451 1074 113
468 1039 501 1073 ne
520 1027 598 1086 tuac,
617 1020 661 1073 vel
679 1037 712 1071 ac
729 1037 771 1072 ac.

346 1107 380 1171 V,
400 1107 450 1159 aaa
465 1110 638 1173 gustaveris,
658 1105 699 1157 vel
714 1109 876 1172 gestaveris.

345 1191 389 1257 Vl,
407 1194 423 1246 8
441 1196 558 1259 recepit,
578 1192 621 1242 vel
638 1195 772 1257 receptat.

345 1276 391 1342 Vl,
412 1279 444 1330 ld
463 1280 567 1343 captia,
587 1276 622 1327 ul.
643 1279 731 1328 uictis.

346 1362 392 1429 vt,
411 1363 443 1415 65
463 1361 528 1428 quid
544 1361 632 1426 idem,
651 1361 686 1412 el.
707 1359 951 1427 perequitasset.

179 1481 329 1568 Apertum
345 1491 411 1560 est,
435 1503 502 1547 eura
518 1481 567 1563 qui
583 1479 702 1566 glossas
720 1478 851 1556 addidit,
874 1478 912 1542 ad
928 1499 1048 1542 manum
1063 1477 1207 1543 babuisse

180 1585 269 1648 alium
286 1582 440 1661 codicem,
464 1604 506 1647 ex
521 1604 579 1666 quo
595 1583 713 1668 glossas
730 1581 921 1665 excerpsisse
937 1582 1074 1660 videtur,
1103 1582 1132 1644 io
1149 1604 1207 1669 quo

179 1686 208 1751 sl
223 1687 375 1751 diversam
390 1685 551 1749 lectionem
569 1681 786 1767 deprehendit,
814 1705 881 1747 cum
904 1683 1014 1769 glossis
1037 1684 1116 1747 bano
1133 1705 1207 1766 quo-

181 1807 238 1872 que
260 1788 437 1863 annotavit,
462 1796 493 1849 et
516 1807 576 1849 nou
599 1786 695 1849 solum
716 1784 831 1869 apertis
853 1785 1028 1867 quibusdam
1052 1784 1207 1848 erroribus

181 1891 342 1974 genuinam
366 1888 528 1952 lectionem
552 1887 709 1971 apposuit,
737 1886 792 1949 sed
821 1886 897 1950 alias
919 1907 1035 1969 quoque
1058 1908 1208 1951 memora-

180 1992 256 2055 biles
279 1989 428 2055 lectioocs
452 1988 551 2054 affert.
584 1987 650 2052 Hac
671 1988 793 2073 glossae
815 1999 935 2065 autem,
960 2000 994 2053 ut
1017 1989 1046 2052 in
1070 1989 1206 2052 omnibus

179 2094 246 2158 iere
269 2091 486 2176 scriptoribus,
510 2092 552 2155 ita
566 2090 598 2155 in
613 2087 723 2155 Persio
740 2110 876 2173 quoque,
901 2091 1113 2176 corrumpendi
1136 2111 1207 2175 poe-

179 2205 231 2260 tae
255 2192 446 2259 occasionem
471 2193 630 2257 dederunt.
661 2189 743 2256 Nam
767 2213 833 2256 cnm
857 2193 1016 2276 unicnique
1032 2194 1095 2256 lere
1110 2191 1206 2257 verbo

181 2296 395 2382 explicationis
418 2295 517 2381 gratia
539 2295 620 2360 aliud
642 2293 738 2378 magis
754 2304 857 2358 notum
874 2305 904 2358 et
919 2296 1044 2378 vulgare
1060 2316 1207 2381 superpo·

181 2409 326 2476 nanctus,
348 2397 400 2463 vel
422 2397 586 2462 adderetur
606 2395 752 2473 verbum,
777 2396 854 2480 quod
881 2418 1004 2461 sensum
1028 2397 1122 2479 magis
1139 2417 1207 2481 per-

180 2501 317 2593 spicuum
339 2501 475 2577 iaceret,
507 2499 585 2563 baud
616 2518 686 2561 raro
715 2499 916 2577 factumest,
947 2509 980 2563 ut
1002 2498 1059 2563 hae
1083 2499 1207 2583 glossae

182 2611 323 2686 tanquam
340 2600 443 2665 variae
459 2601 607 2666 lectiones
623 2600 655 2663 in
671 2610 788 2663 textum
802 2601 1015 2685 reciperentur
1030 2612 1061 2665 et
1076 2602 1208 2686 genuina

181 2705 277 2770 verba
293 2703 492 2789 expellerent.
517 2699 606 2785 Quod
622 2702 649 2765 ai
664 2703 776 2766 lactum
792 2713 851 2780 est,
868 2703 926 2766 duo
942 2702 1091 2767 accedere
1106 2704 1210 2767 soleat

187 2807 277 2871 etiam
293 2807 410 2892 peiora.
445 2802 545 2891 Saepe
562 2805 662 2883 enim,
685 2825 751 2868 cunr
768 2815 888 2888 recepta
904 2804 1006 2890 glossa
1021 2826 1130 2869 versus
1146 2815 1210 2869 tur·

186 2908 274 2973 batus
290 2917 393 2986 essct,
416 2907 534 2989 longius
556 2906 808 2991 progrediebatur
827 2905 999 2989 corruptela
1015 2915 1046 2970 et
1060 2907 1119 2971 alia
1135 2929 1208 2990 quo-

182 3030 239 3095 que
254 3008 507 3085 immutabantur,
531 3018 564 3071 ut
577 3028 686 3073 versus
702 3019 787 3072 recte
804 3007 1004 3092 procederet,
1028 3029 1086 3092 quo
1103 3030 1207 3073 enzen-

181 3111 274 3183 dandi
289 3110 368 3180 ratio
384 3112 503 3176 occulta
517 3110 583 3174 vitii
599 3109 717 3194 origiue
737 3109 856 3180 incerta
871 3119 903 3172 et
917 3109 1047 3174 obscura
1062 3112 1207 3175 reddatur

180 3233 310 3280 necesse
333 3222 392 3277 est.
432 3210 512 3276 Tum
534 3209 661 3275 alterum
682 3211 756 3274 illud
778 3211 856 3274 baud
879 3231 950 3274 raro
976 3213 1149 3292 usuvenit,
1175 3224 1208 3276 ut

182 3311 345 3401 depravata
360 3324 475 3378 tantum
490 3313 580 3377 lectio
596 3313 627 3376 in
644 3314 733 3377 codd.
750 3324 945 3390 servaretur,
968 3314 1099 3395 genuina
1121 3337 1206 3400 pror-

181 3437 233 3482 sus
255 3425 468 3480 evanesceret.
513 3411 681 3501 Utrumque
713 3415 750 3480 dc
779 3411 881 3478 Persii
910 3414 999 3477 codd.
1027 3417 1205 3495 convalet,

181 3539 249 3582 nam
272 3536 329 3584 nec
352 3517 448 3581 maior
471 3536 539 3584 enm
561 3515 756 3600 interpolatio
779 3516 910 3589 invasit,
942 3526 973 3580 et
995 3528 1117 3600 praeter
1138 3540 1206 3581 cor-

180 3630 297 3704 ruptam
314 3619 403 3683 etiam
419 3638 490 3681 vera
506 3617 597 3681 lectio
614 3617 722 3701 ubique
738 3640 756 3683 a
772 3619 860 3681 codd.
878 3628 1000 3681 servata
1016 3630 1081 3692 esta
1103 3642 1206 3703 quam·

181 3742 267 3804 quam
284 3721 364 3784 euim
379 3720 552 3805 quibusdam
568 3720 642 3784 locis
658 3721 788 3805 genuina
806 3719 896 3783 leolio
918 3719 1006 3784 codd.
1024 3722 1206 3786 auctoritate

180 3822 237 3888 vix
256 3823 331 3887 satis
354 3822 468 3888 munita
484 3821 663 3900 videbatur,
687 3822 717 3886 id
736 3822 826 3885 aliter
848 3842 882 3885 se
906 3819 1017 3886 babere
1050 3844 1130 3886 nunc
1153 3824 1207 3886 do-

182 3924 262 3989 cebit
273 3945 346 3988 anu.
362 3925 431 3987 orit.
451 3919 595 4008 Magnam
611 3933 712 3988 autem
729 3933 843 4009 partem
860 3922 1011 3986 variarum
1028 3924 1205 4001 lectionum,

176 4046 257 4108 ¹(puae
279 4026 309 4088 in
334 4026 423 4089 codd.
447 4021 546 4089 Persii
569 4035 732 4113 apparent,
765 4024 834 4093 lriuc
865 4036 959 4088 ortam
983 4045 1070 4101 osse,
1100 4024 1205 4107 partim

182 4128 240 4191 iam
263 4129 400 4210 exempla
424 4127 513 4190 allatu
538 4128 647 4191 docent
667 4125 760 4210 (prol.
785 4124 815 4187 5.
845 4123 896 4189 ld.
924 4124 965 4205 ι’,
983 4123 1036 4188 78.
1062 4122 1119 4204 Vl,
1136 4124 1205 4207 46),

182 4229 288 4312 partim
304 4227 353 4291 alii
370 4228 427 4290 lori
438 4274 447 4305 ,
472 4249 501 4293 e.
520 4251 548 4312 g.
1048 4242 1049 4246 ’

391 4362 411 4425 Ι,
431 4364 460 4414 bl
483 4363 522 4414 ias
542 4372 633 4415 est-
652 4367 693 4415 ius
712 4373 760 4419 eet.

391 4448 410 4507 1,
433 4450 481 4502 too
499 4456 599 4516 raptam
618 4477 651 4486 -
669 4457 776 4502 sectum.
